4516 6016
554 735 556 740 .
666 591 1420 754 PROLEGOlllENA.
1657 651 1698 760 xj

358 815 561 908 Thracem
585 821 720 910 laudet
732 885 749 932 ,
774 823 960 940 aliosque
979 826 1083 913 bene
1111 824 1264 912 multos
1290 822 1468 936 ejusdem
1494 816 1639 920 atatis,
1654 838 1702 900 ut

352 955 576 1066 Archiam,
593 958 708 1071 cujus
734 961 955 1082 discipulus
979 963 1273 1083 Epaphroditus
1286 958 1587 1060 Charonensrs,
1603 954 1700 1038 teste

353 1093 477 1183 saida
491 1130 539 1206 ,a
552 1102 723 1187 Nerone
735 1101 863 1216 usque
878 1102 927 1188 ad
941 1103 1124 1188 Nervam
1146 1101 1288 1187 Roma
1308 1102 1473 1203 floruit,
1495 1095 1701 1183 &Deme-

353 1235 476 1320 trium
501 1239 728 1344 Ixionem,
757 1243 827 1353 qui
840 1301 858 1346 ,
885 1269 938 1324 ex
967 1239 1113 1326 eodem
1135 1238 1292 1344 Suidlr,
1322 1239 1494 1353 Augusti
1520 1234 1700 1350 Impera-

353 1395 400 1456 to
425 1375 455 1457 's
481 1399 663 1494 tempore
690 1377 876 1494 Pergami
901 1382 1019 1468 vixit.
1306 1353 1314 1360 ⁵

404 1402 490 1598 lit
479 1542 520 1596 ιιι
534 1517 615 1602 hoc
633 1516 795 1628 quidem
809 1519 972 1634 Aprone
984 1516 1143 1602 citando
1159 1543 1395 1631 nonvrtup
1405 1513 1611 1621 erundum,
1630 1536 1701 1598 aut
1720 1497 1897 1658 ώῆΡἪξ

353 1621 664 1760 mirandum,sed
677 1680 812 1773 potrus
824 1654 1066 1742 laudandum
1074 1661 1129 1742 est
1137 1655 1383 1744 utrlrffimum
1396 1652 1597 1771 Apollon.
1607 1681 1727 1738 con-¹
1717 1741 1735 1804 s
1719 1660 1864 1802 Αιιὲ(
1847 1683 1895 1722 ⁰¹¹·

352 1784 730 1903 silium,qui'has1n
744 1796 967 1974 principem
981 1795 1150 1880 Portam
1165 1793 1421 1880 celeberrimi
1436 1793 1701 1877 Grammatici
1731 1759 1816 1825 ψεῖ
1839 1787 1850 1801 ’

354 1954 498 2033 curas,
522 1959 645 2042 quas,
667 1958 713 2016 ut
735 1936 837 2016 ait
860 1935 1294 2039 sustentaturus,
1323 1931 1427 2048 apud
1447 1931 1704 2044 Hesychium

355 2064 398 2147 in
412 2083 511 2164 ιιι,
532 2073 667 2184 magni
688 2095 846 2158 veteres
872 2070 1089 2178 fecerunt,
1113 2070 1228 2157 nobis
1248 2101 1300 2157 ex
1322 2097 1436 2189 parte
1448 2131 1463 2178 ‚
1489 2081 1533 2159 δι
1552 2070 1600 2157 el
1614 2079 1703 2185 qui-

353 2199 1417 2323 demoptimalmonservaverit.Praestantiffimumenim
1428 2212 1703 2327 Apionisopus

354 2342 426 2428 fibi
450 2349 657 2464 proprium
694 2348 793 2434 fecit
819 2407 835 2449 ,
861 2345 1031 2435 m'eliora
1069 2350 1361 2468 excerpendo,
1393 2350 1579 2464 sequiora
1607 2348 1701 2460 reji-

359 2483 529 2610 ciendo,
553 2515 600 2571 ac
614 2485 728 2575 dubia
744 2513 931 2574 accurate
952 2488 1235 2606 perpendendo
1252 2481 1326 2590 3‘&
1347 2492 1521 2605 magistri
1537 2488 1704 2576 licentii

297 2607 311 2630 ⁰
357 2623 474 2730 usus,
490 2627 544 2711 ita
569 2623 756 2743 discipuli
780 2627 840 2713 sui
855 2626 1046 2711 Lexicon
1069 2629 1112 2710 in
1134 2630 1250 2710 suum
1270 2627 1439 2710 succum
1466 2655 1517 2710 ac
1545 2625 1705 2742 sangui-

355 2793 452 2848 nem
486 2767 728 2869 convertit,
759 2771 801 2849 δι
830 2765 938 2874 quasa
975 2762 1144 2878 proprio
1179 2760 1269 2868 jure
1293 2761 1548 2869 vendicavit,
1574 2787 1620 2848 ut
1652 2790 1704 2847 eo

357 2901 521 3020 prorsus
545 2901 681 2988 amilio
700 2901 820 2986 facile
840 2929 948 2985 nunc
969 2927 1107 2986 carere
1126 2900 1345 3019 pellimus,
1365 2927 1485 3014 atque
1498 2901 1612 3024 ‘novit
1628 2902 1707 2990 hae
1881 3015 1883 3020 Α

358 3038 574 3157 Apollonii
605 3041 712 3154 quali
743 3055 911 3140 nnuma·
940 3035 1085 3125 sublati
1118 3040 1290 3158 Apionis
1324 3039 1560 3127 desiderium
1593 3040 1707 3128 leve·
1877 3019 1880 3024 ¹

357 3207 461 3265 mus.
497 3181 546 3263 In
560 3209 650 3290 -quo
671 3179 835 3291 quidem
860 3210 912 3262 eo
933 3179 1081 3264 melius
1110 3176 1323 3263 nobiscum
1357 3182 1487 3262 atium
1510 3177 1623 3262 fuiffe
1645 3208 1709 3265 re·

358 3315 578 3433 putandum
599 3317 687 3420 eli,
710 3313 822 3428 quod
849 3313 1009 3402 nullum
1037 3315 1088 3400 ad
1111 3341 1218 3419 nos,
1248 3315 1499 3429 nostramque
1523 3341 1677 3401 aetatem
1689 3343 1709 3424 ,

360 3456 531 3570 Apionis
551 3452 700 3559 illius,
728 3478 792 3540 tot
818 3455 1061 3572 scriptorum
1089 3451 1195 3539 fami
1222 3450 1366 3568 inclyti
1389 3514 1405 3560 ,
1438 3483 1539 3572 opus
1561 3484 1708 3571 perve-

361 3597 479 3680 nerit.
522 3593 749 3704 Quamvis,
786 3620 833 3679 ut
877 3596 932 3708 ait
959 3591 1146 3701 Plinius,
1177 3596 1220 3678 in
1259 3593 1708 3720 prefationeHrstoriae

360 3735 620 3836 Naturalis,
641 3732 941 3820 immortalitate
967 3732 1107 3819 donari
1133 3765 1156 3819 a
1183 3732 1237 3817 se·
1253 3731 1494 3850 scriplilht,
1522 3734 1573 3822 ad
1604 3765 1708 3853 quos

362 3873 494 3996 aliqua
537 3870 835 3991 componebam
862 3901 958 3960 cum
985 3897 1127 3960 contra
1152 3871 1236 3989 ipse
1265 3901 1374 3958 nunc
1403 3875 1521 3960 unius
1549 3901 1601 3956 ert
1628 3873 1707 3957 suis

360 4013 549 4132 operibus
569 4011 944 4118 immortalitatem,
966 4038 1014 4099 ut
1042 4020 1085 4100 bt
1105 4009 1207 4096 olim
1221 4003 1506 4129 'componendi
1535 4008 1708 4098 faculta-

360 4181 444 4241 tem
457 4183 505 4241 ac
519 4153 761 4260 doiirinam,
780 4151 1010 4272 Apollonio
1021 4155 1211 4269 magistro
1227 4151 1461 4268 discipulus,
1477 4158 1519 4238 bt
1533 4149 1708 4261 inhujus

361 4293 521 4382 Lexieo
539 4296 658 4382 unice
678 4293 887 4412 superstes,
897 4317 1104 4410 acceptam
1116 4293 1268 4377 referre
1290 4287 1445 4376 debeat.
1474 4289 1599 4393 Nam,
1619 4321 1707 4405 que
1868 4269 1872 4280 ¹

361 4434 465 4553 apud
486 4433 717 4524 Fabricium
729 4431 847 4541 ,vol.
860 4463 903 4540 7.
922 4464 964 4550 p.
990 4462 1059 4544 50.
1087 4412 1285 4545 leguntur
1305 4453 1443 4510 extare
1476 4427 1518 4512 in
1549 4425 1708 4518 Codice

356 4573 614 4660 Barocciano
645 4597 687 4658 ιι
693 4604 737 4680 9.
750 4571 1013 4657 Bibliotheca
1032 4563 1292 4674 Bodleianae,
1307 4593 1360 4650 ee
1380 4565 1470 4654 sunt
1478 4628 1496 4677 ,
1516 4568 1709 4678 docente,

362 4743 405 4834 p.
430 4739 470 4824 ς,
486 4711 644 4795 Praefat.
666 4710 715 4791 ad
734 4705 954 4790 secundum
974 4699 1062 4793 vol.
1083 4699 1295 4820 Hesychii‚
1310 4701 1422 4796 Clar.
1435 4705 1708 4817 Ruhnkenio,
1799 4795 1803 4804 ,

361 4853 435 4966 qui
469 4857 516 4937 bt
550 4844 713 4934 illarum
751 4845 1027 4966 apographum
1071 4842 1151 4933 srbi.
1186 4873 1532 4964 comparaverat,
1575 4848 1713 4967 gloll'a
1773 4879 1778 4896 ·

1462 4987 1535 5072 b2
