4516 6016
566 531 642 621 iu
858 521 1612 622 PROLEGOMEN'A'.

563 689 785 811 excerpta',
809 692 998 808 hedenus
1029 691 1206 804 inedita,
1232 699 1275 780 tt
1302 688 1505 778 interdum
1532 685 1730 804 quantivis
1759 689 1912 807 pretii,

562 829 743 948 qualibet
754 833 964 918 occasione
975 831 1065 918 dati
1075 889 1092 938 ,
1107 833 1235 916 inrum
1253 827 1481 944 quaesrti,in
1500 830 1645 915 nostris
1667 825 1716 912 ad
1732 824 1910 946 Apollo·

561 970 677 1054 nium
702 967 1044 1086 notis-deponere
1072 967 1321 1072 amavimus,
1348 991 1396 1052 ut
1424 963 1526 1052 nihil
1549 966 1637 1052 fere
1651 963 1766 1052 bonae
1780 966 1910 1082 frugis

562 1105 607 1192 in
629 1103 868 1194 Philemone
880 1132 1102 1192 occurrens
1119 1102 1335 1190 desiderati
1352 1104 1470 1222 possit
1479 1161 1496 1212 ,
1511 1101 1624 1217 quod
1646 1131 1730 1189 non
1753 1101 1823 1188 hic
1841 1099 1908 1189 ad-

560 1239 785 1328 mittimus.
829 1227 832 1234 ¹
1864 1249 1867 1254 ’

428 1401 540 1468 onam
616 1377 662 1462 Si
691 1375 850 1492 quando
879 1379 922 1464 in
954 1375 1182 1495 Apollonio
1219 1373 1356 1464 deerat
1390 1375 1706 1496 interpretatio,
1739 1405 1826 1464 eam
1856 1373 1905 1461 ab

371 1485 544 1626 ζ’,ξϋῗζῆῗζ
559 1515 788 1630 Hesychio,
800 1513 940 1605 aliisve
961 1517 1246 1603 Grammaticis
1262 1518 1450 1634 petitam,
1465 1519 1508 1602 in
1522 1517 1630 1602 meis
1641 1517 1779 1632 recepi
1800 1517 1907 1598 notis
1991 1568 1993 1572 -

371 1654 499 1706 ΨΜ·
555 1650 604 1742 ἃ
630 1653 884 1769 quasrefugi
910 1653 1096 1752 terratia
1129 1653 1322 1768 quodque
1344 1653 1578 1768 Hesychius
1603 1649 1651 1738 ab
1676 1648 1904 1762 Apollonio

560 1813 762 1878 mutuatus
785 1790 947 1893 fuerat,
973 1791 1016 1875 id
1043 1789 1106 1875 illi
1127 1795 1236 1902 quast
1263 1795 1429 1906 proprio
1455 1791 1543 1900 jure
1570 1793 1786 1902 repetitum
1815 1792 1903 1876 vin-

559 1928 686 2033 dico,
714 1933 757 2014 dt
786 1925 977 2030 austori,
1009 1951 1032 2008 a
1060 1950 1144 2037 quo
1174 1925 1375 2010 fluxerant
1399 1923 1693 2039 Hesychiana‚
1723 1925 1918 2012 restimm

557 2067 803 2179 Quanquam
837 2089 921 2147 non
953 2059 1043 2145 sum
1072 2060 1228 2148 nescius
1239 2120 1256 2169 ,
1281 2059 1489 2149 interdum
1523 2060 1821 2149 Glossariotum
1859 2071 1901 2150 dc

556 2202 809 2291 Lexicorum
836 2201 1075 2286 Graecorum
1100 2202 1320 2307 ausiorcs,
1352 2198 1631 2308 vocabulum,
1660 2227 1729 2288 aut
1756 2199 1899 2286 locum

555 2342 707 2458 inquo
730 2337 977 2426 vocabulum
1008 2343 1219 2446 occurrit,
1248 2364 1403 2457 ponere
1430 2341 1511 2425 fine
1540 2342 1897 2458 interpretationea

510 2553 512 2564 .
552 2478 682 2592 ¹quod,
693 2481 779 2594 post
790 2476 903 2565 Clar.
917 2476 1078 2563 Alberti
1091 2480 1132 2566 in
1142 2478 1357 2592 observat.
1369 2473 1610 2594 Miscellan.
1625 2477 1716 2570 vol.
1728 2475 1897 2565 secund.

552 2619 761 2704 annotavit
780 2613 1037 2702 clarissumum
1058 2615 1161 2705 illud
1185 2617 1409 2704 Germania
1427 2615 1589 2723 lumen,
1610 2615 1898 2731 tertagonus

553 2753 733 2856 Ernesti,
751 2755 792 2835 in
811 2747 1098 2838 Dissertatione
1122 2753 1173 2838 de
1192 2752 1493 2840 Glossariorum
1518 2755 1755 2840 Graecorum
1777 2811 1792 2856 ,
1824 2755 1900 2834 im-

553 2871 692 3008 primis
719 2886 822 2975 Hes.
854 2886 951 2972 veri
984 2886 1125 2970 indole
1154 2917 1200 2968 ac
1229 2895 1338 2974 reato
1373 2892 1448 2972 usu
1478 2893 1520 2970 in
1552 2892 1897 3008 interpretatione.

550 3025 722 3112 Monuit
749 3053 913 3138 quoque
929 3020 1078 3109 Daniel
1095 3021 1285 3106 Heinsius
1301 3081 1315 3128 ,
1329 3021 1503 3139 quaedam
1530 3024 1580 3110 ab
1607 3023 1707 3111 Hes.
1728 3024 1895 3130 adduci,

550 3193 639 3277 quat
666 3191 749 3250 non
775 3158 1049 3278 explicantur;
1079 3158 1161 3243 srve
1174 3214 1191 3263 ,
1220 3157 1378 3272 inquit,
1407 3159 1518 3270 quod
1545 3159 1642 3246 desrt
1670 3161 1866 3278 exposrtio
1881 3221 1897 3266 ,

553 3305 636 3388 srve
657 3299 766 3412 quod
794 3303 849 3383 ita
875 3296 923 3382 ab
949 3293 1051 3380 Hes.
1079 3294 1290 3380 addustum
1317 3295 1378 3378 stt.
1415 3295 1615 3419 Equidem
1644 3301 1781 3415 potius
1808 3327 1896 3384 crc-

549 3418 721 3523 diderim
742 3439 784 3521 in
811 3432 931 3550 culpi
945 3430 1022 3517 eise
1037 3428 1273 3540 Librarios,
1302 3434 1403 3545 qui,
1428 3461 1499 3549 per
1519 3431 1744 3523 socordiam
1765 3465 1812 3524 ac
1832 3438 1896 3522 su·

395 3623 415 3631 s
552 3581 686 3694 pinam
706 3574 987 3678 oscitantiam,
1008 3568 1181 3688 plurima
1208 3571 1455 3657 omiserunt:
1485 3603 1580 3661 cum
1595 3577 1694 3694 saepe
1708 3574 1895 3664 observa·
1946 3541 1955 3568 ⁸

553 3717 710 3822 verim,
725 3741 812 3831 quac
839 3715 881 3798 in
906 3709 1007 3794 Hes.
1034 3707 1207 3818 desunt,
1238 3736 1285 3795 ea
1313 3710 1354 3795 in
1373 3711 1602 3828 Apollonio
1629 3717 1794 3833 reperiri
1819 3724 1895 3814 3&

552 3875 696 3939 contra
706 3911 722 3956 ,
741 3882 826 3965 quat
850 3851 891 3934 in
911 3845 1135 3967 Apollonio
1160 3845 1455 3955 desiderantur,
1480 3878 1527 3937 ea
1547 3854 1590 3936 in
1609 3851 1711 3940 Hes.
1728 3879 1894 3958 extare,

468 4073 473 4079 .
552 3990 626 4100 qui
652 4018 747 4076 cum
774 3990 861 4073 sere
885 3988 1035 4101 ubique
1058 3983 1273 4094 descripsit.
1305 3983 1425 4071 Enim
1440 4015 1566 4096 vero,
1598 4019 1691 4076 cum
1719 4019 1766 4079 ea
1780 4022 1893 4078 mens

552 4125 960 4243 Lexicographorum
985 4124 1133 4227 fuerit,
1154 4148 1201 4206 ut
1222 4119 1374 4229 verba,
1394 4122 1464 4210 vel
1484 4124 1579 4213 loca
1602 4125 1801 4228 obscura,
1823 4155 1894 4212 ex·

541 4261 779 4382 plicatam,
802 4264 881 4378 quai
902 4260 1060 4350 tandem
1087 4260 1138 4344 dc
1167 4259 1286 4347 causi
1307 4261 1458 4349 nudum
1481 4265 1772 4380 proposuissent
1797 4295 1893 4354 ver·

552 4401 677 4500 bum,
690 4403 799 4512 quod
819 4396 981 4516 quidem
1000 4400 1040 4484 in
1058 4395 1199 4484 Graes
1216 4426 1433 4485 occurrere
1446 4399 1582 4514 lingui
1599 4403 1893 4517 cognoscatur,

482 4563 487 4578 ’
553 4539 623 4624 sed
645 4534 760 4648 cujus
781 4563 977 4648 quc-ratur
1003 4533 1228 4652 explanatio
1248 4539 1264 4618 i
1295 4559 1307 4596 ¹
