<?xml version="1.0" encoding="UTF-8"?>
<!DOCTYPE html PUBLIC "-//W3C//DTD XHTML 1.0 Transitional//EN"
    "http://www.w3.org/TR/xhtml1/DTD/xhtml1-transitional.dtd">
<html xmlns="http://www.w3.org/1999/xhtml" xml:lang="en" lang="en">
 <head>
  <title>
</title>
<meta http-equiv="Content-Type" content="text/html;charset=utf-8" />
  <meta name='ocr-system' content='tesseract 3.04.00' />
  <meta name='ocr-capabilities' content='ocr_page ocr_carea ocr_par ocr_line ocrx_word'/>
</head>
<body>
  <div class='ocr_page' id='page_1' title='image "apolloniisophis00unkngoog_0061.png"; bbox 0 0 4516 6016; ppageno 0'>
   <div class='ocr_carea' id='block_1_1' title="bbox 520 633 2023 5034">
    <p class='ocr_par' dir='ltr' id='par_1_1' title="bbox 544 633 2005 2568">
     <span class='ocr_line' id='line_1_1' title="bbox 605 633 1654 752; baseline 0.008 -32"><span class='ocrx_word' id='word_1_1' title='bbox 605 633 652 752; x_wconf 60' lang='lat' dir='ltr'>NJ</span> <span class='ocrx_word' id='word_1_2' title='bbox 909 637 1654 732; x_wconf 63' lang='lat' dir='ltr'>PROLEGOMENm</span> 
     </span>
     <span class='ocr_line' id='line_1_2' title="bbox 605 786 1942 924; baseline -0.006 -34"><span class='ocrx_word' id='word_1_3' title='bbox 605 799 806 918; x_wconf 74' lang='lat' dir='ltr'>Apollon.</span> <span class='ocrx_word' id='word_1_4' title='bbox 823 828 931 922; x_wconf 85' lang='lat' dir='ltr'>ope,</span> <span class='ocrx_word' id='word_1_5' title='bbox 956 803 1271 924; x_wconf 85' lang='lat' dir='ltr'>multoamplius</span> <span class='ocrx_word' id='word_1_6' title='bbox 1283 865 1298 913; x_wconf 95' lang='lat'>,</span> <span class='ocrx_word' id='word_1_7' title='bbox 1317 803 1447 891; x_wconf 89' lang='lat' dir='ltr'>multo</span> <span class='ocrx_word' id='word_1_8' title='bbox 1472 803 1631 919; x_wconf 86' lang='lat' dir='ltr'>largius.</span> <span class='ocrx_word' id='word_1_9' title='bbox 1638 859 1654 901; x_wconf 91' lang='lat'>,</span> <span class='ocrx_word' id='word_1_10' title='bbox 1675 791 1810 918; x_wconf 77' lang='lat' dir='ltr'>pallam</span> <span class='ocrx_word' id='word_1_11' title='bbox 1824 786 1942 911; x_wconf 73' lang='lat' dir='ltr'>ptael&#39;·</span> 
     </span>
     <span class='ocr_line' id='line_1_3' title="bbox 607 927 1965 1056; baseline -0.005 -35"><span class='ocrx_word' id='word_1_12' title='bbox 607 938 724 1025; x_wconf 87' lang='lat' dir='ltr'>tirille</span> <span class='ocrx_word' id='word_1_13' title='bbox 772 937 1018 1055; x_wconf 56' lang='lat' dir='ltr'>gloriamur,</span> <span class='ocrx_word' id='word_1_14' title='bbox 1049 943 1159 1029; x_wconf 89' lang='lat' dir='ltr'>Nam</span> <span class='ocrx_word' id='word_1_15' title='bbox 1187 1003 1202 1049; x_wconf 91' lang='lat'>‚</span> <span class='ocrx_word' id='word_1_16' title='bbox 1241 969 1288 1028; x_wconf 88' lang='lat' dir='ltr'>ut</span> <span class='ocrx_word' id='word_1_17' title='bbox 1324 939 1472 1027; x_wconf 82' lang='lat' dir='ltr'>ibitlem</span> <span class='ocrx_word' id='word_1_18' title='bbox 1515 940 1599 1056; x_wconf 86' lang='lat' dir='ltr'>ipse</span> <span class='ocrx_word' id='word_1_19' title='bbox 1646 938 1794 1024; x_wconf 86' lang='lat' dir='ltr'>fatetur</span> <span class='ocrx_word' id='word_1_20' title='bbox 1833 927 1965 1056; x_wconf 37' lang='lat' dir='ltr'>Clara</span> 
     </span>
     <span class='ocr_line' id='line_1_4' title="bbox 605 1068 1947 1206; baseline -0.008 -44"><span class='ocrx_word' id='word_1_21' title='bbox 605 1078 823 1169; x_wconf 84' lang='lat' dir='ltr'>Ruhnken.</span> <span class='ocrx_word' id='word_1_22' title='bbox 845 1082 990 1166; x_wconf 86' lang='lat' dir='ltr'>Lexici</span> <span class='ocrx_word' id='word_1_23' title='bbox 1004 1083 1219 1167; x_wconf 89' lang='lat' dir='ltr'>Rhetorici</span> <span class='ocrx_word' id='word_1_24' title='bbox 1234 1079 1498 1196; x_wconf 79' lang='lat' dir='ltr'>interpolator</span> <span class='ocrx_word' id='word_1_25' title='bbox 1513 1076 1786 1189; x_wconf 86' lang='lat' dir='ltr'>Hesychianas</span> <span class='ocrx_word' id='word_1_26' title='bbox 1801 1068 1947 1206; x_wconf 86' lang='lat' dir='ltr'>glollas</span> 
     </span>
     <span class='ocr_line' id='line_1_5' title="bbox 605 1205 1946 1325; baseline -0.004 -31"><span class='ocrx_word' id='word_1_27' title='bbox 605 1208 757 1325; x_wconf 91' lang='lat' dir='ltr'>largius</span> <span class='ocrx_word' id='word_1_28' title='bbox 777 1214 909 1300; x_wconf 86' lang='lat' dir='ltr'>solum</span> <span class='ocrx_word' id='word_1_29' title='bbox 924 1215 1133 1301; x_wconf 86' lang='lat' dir='ltr'>inferferat</span> <span class='ocrx_word' id='word_1_30' title='bbox 1153 1215 1298 1303; x_wconf 89' lang='lat' dir='ltr'>litteris</span> <span class='ocrx_word' id='word_1_31' title='bbox 1322 1237 1354 1300; x_wconf 83' lang='lat' dir='ltr'>n</span> <span class='ocrx_word' id='word_1_32' title='bbox 1366 1275 1380 1322; x_wconf 97' lang='lat'>,</span> <span class='ocrx_word' id='word_1_33' title='bbox 1405 1231 1433 1298; x_wconf 85' lang='lat' dir='ltr'>B</span> <span class='ocrx_word' id='word_1_34' title='bbox 1446 1273 1460 1320; x_wconf 94' lang='lat'>,</span> <span class='ocrx_word' id='word_1_35' title='bbox 1483 1225 1525 1302; x_wconf 75' lang='grc' dir='ltr'>δι</span> <span class='ocrx_word' id='word_1_36' title='bbox 1543 1226 1588 1299; x_wconf 91' lang='grc' dir='ltr'>Γ.</span> <span class='ocrx_word' id='word_1_37' title='bbox 1616 1212 1779 1296; x_wconf 86' lang='lat' dir='ltr'>Parcius</span> <span class='ocrx_word' id='word_1_38' title='bbox 1801 1205 1946 1292; x_wconf 80' lang='lat' dir='ltr'>litteris</span> 
     </span>
     <span class='ocr_line' id='line_1_6' title="bbox 605 1343 1945 1468; baseline -0.006 -36"><span class='ocrx_word' id='word_1_39' title='bbox 605 1361 674 1458; x_wconf 73' lang='grc' dir='ltr'>ᾼ,</span> <span class='ocrx_word' id='word_1_40' title='bbox 707 1365 767 1455; x_wconf 89' lang='lat' dir='ltr'>Z,</span> <span class='ocrx_word' id='word_1_41' title='bbox 791 1365 824 1434; x_wconf 83' lang='grc' dir='ltr'>Κ</span> <span class='ocrx_word' id='word_1_42' title='bbox 846 1348 941 1458; x_wconf 53' lang='lat' dir='ltr'>,a</span> <span class='ocrx_word' id='word_1_43' title='bbox 972 1351 1164 1466; x_wconf 87' lang='lat' dir='ltr'>Reliquas</span> <span class='ocrx_word' id='word_1_44' title='bbox 1198 1379 1251 1436; x_wconf 92' lang='lat' dir='ltr'>ne</span> <span class='ocrx_word' id='word_1_45' title='bbox 1286 1356 1473 1468; x_wconf 83' lang='lat' dir='ltr'>attigerat</span> <span class='ocrx_word' id='word_1_46' title='bbox 1506 1348 1683 1464; x_wconf 86' lang='lat' dir='ltr'>quidem.</span> <span class='ocrx_word' id='word_1_47' title='bbox 1701 1343 1915 1438; x_wconf 23' lang='lat' dir='ltr'>,Praeterea</span> <span class='ocrx_word' id='word_1_48' title='bbox 1929 1393 1945 1441; x_wconf 89' lang='lat'>,</span> 
     </span>
     <span class='ocr_line' id='line_1_7' title="bbox 604 1481 1947 1606; baseline -0.004 -39"><span class='ocrx_word' id='word_1_49' title='bbox 604 1481 747 1571; x_wconf 86' lang='lat' dir='ltr'>eodem</span> <span class='ocrx_word' id='word_1_50' title='bbox 775 1491 871 1572; x_wconf 89' lang='lat' dir='ltr'>teste</span> <span class='ocrx_word' id='word_1_51' title='bbox 895 1546 910 1594; x_wconf 94' lang='lat'>,</span> <span class='ocrx_word' id='word_1_52' title='bbox 938 1489 981 1572; x_wconf 93' lang='lat' dir='ltr'>in</span> <span class='ocrx_word' id='word_1_53' title='bbox 1009 1492 1091 1575; x_wconf 89' lang='lat' dir='ltr'>hoc</span> <span class='ocrx_word' id='word_1_54' title='bbox 1114 1488 1373 1606; x_wconf 84' lang='lat' dir='ltr'>ipsoLexico</span> <span class='ocrx_word' id='word_1_55' title='bbox 1398 1489 1662 1592; x_wconf 80' lang='lat' dir='ltr'>Rhetorice,</span> <span class='ocrx_word' id='word_1_56' title='bbox 1693 1508 1874 1598; x_wconf 86' lang='lat' dir='ltr'>magno,</span> <span class='ocrx_word' id='word_1_57' title='bbox 1903 1482 1947 1561; x_wconf 75' lang='grc' dir='ltr'>δι</span> 
     </span>
     <span class='ocr_line' id='line_1_8' title="bbox 603 1621 1946 1738; baseline -0.007 -32"><span class='ocrx_word' id='word_1_58' title='bbox 603 1623 721 1738; x_wconf 74' lang='lat' dir='ltr'>ipsius</span> <span class='ocrx_word' id='word_1_59' title='bbox 749 1624 923 1732; x_wconf 87' lang='lat' dir='ltr'>Lexici,</span> <span class='ocrx_word' id='word_1_60' title='bbox 947 1635 989 1714; x_wconf 77' lang='grc' dir='ltr'>δι</span> <span class='ocrx_word' id='word_1_61' title='bbox 1010 1626 1262 1736; x_wconf 89' lang='lat' dir='ltr'>litterarum,</span> <span class='ocrx_word' id='word_1_62' title='bbox 1289 1629 1530 1716; x_wconf 89' lang='lat' dir='ltr'>detrimento</span> <span class='ocrx_word' id='word_1_63' title='bbox 1545 1686 1561 1733; x_wconf 91' lang='lat'>,</span> <span class='ocrx_word' id='word_1_64' title='bbox 1575 1648 1761 1712; x_wconf 89' lang='lat' dir='ltr'>veterum</span> <span class='ocrx_word' id='word_1_65' title='bbox 1776 1621 1946 1732; x_wconf 88' lang='lat' dir='ltr'>scripto·</span> 
     </span>
     <span class='ocr_line' id='line_1_9' title="bbox 603 1755 1947 1871; baseline -0.002 -32"><span class='ocrx_word' id='word_1_66' title='bbox 603 1787 695 1840; x_wconf 88' lang='lat' dir='ltr'>rum</span> <span class='ocrx_word' id='word_1_67' title='bbox 723 1761 973 1850; x_wconf 69' lang='lat' dir='ltr'>auctoritates</span> <span class='ocrx_word' id='word_1_68' title='bbox 999 1767 1067 1852; x_wconf 91' lang='lat' dir='ltr'>hic</span> <span class='ocrx_word' id='word_1_69' title='bbox 1090 1767 1178 1853; x_wconf 92' lang='lat' dir='ltr'>illic</span> <span class='ocrx_word' id='word_1_70' title='bbox 1194 1763 1353 1854; x_wconf 85' lang='lat' dir='ltr'>sublatae</span> <span class='ocrx_word' id='word_1_71' title='bbox 1373 1766 1479 1851; x_wconf 88' lang='lat' dir='ltr'>sunt.</span> <span class='ocrx_word' id='word_1_72' title='bbox 1506 1762 1625 1849; x_wconf 85' lang='lat' dir='ltr'><strong>Unde</strong></span> <span class='ocrx_word' id='word_1_73' title='bbox 1648 1790 1744 1868; x_wconf 89' lang='lat' dir='ltr'>eas,</span> <span class='ocrx_word' id='word_1_74' title='bbox 1768 1783 1864 1871; x_wconf 90' lang='lat' dir='ltr'>quas</span> <span class='ocrx_word' id='word_1_75' title='bbox 1890 1755 1947 1866; x_wconf 90' lang='lat' dir='ltr'>ip-</span> 
     </span>
     <span class='ocr_line' id='line_1_10' title="bbox 601 1892 1946 2014; baseline -0.001 -38"><span class='ocrx_word' id='word_1_76' title='bbox 601 1892 691 1978; x_wconf 88' lang='lat' dir='ltr'>sum</span> <span class='ocrx_word' id='word_1_77' title='bbox 705 1900 921 1986; x_wconf 87' lang='lat' dir='ltr'>nonhabet</span> <span class='ocrx_word' id='word_1_78' title='bbox 935 1961 950 2006; x_wconf 96' lang='lat'>,</span> <span class='ocrx_word' id='word_1_79' title='bbox 964 1906 1173 2014; x_wconf 85' lang='lat' dir='ltr'>Hesychio</span> <span class='ocrx_word' id='word_1_80' title='bbox 1195 1911 1398 1989; x_wconf 88' lang='lat' dir='ltr'>restituere</span> <span class='ocrx_word' id='word_1_81' title='bbox 1412 1933 1498 1988; x_wconf 92' lang='lat' dir='ltr'>non</span> <span class='ocrx_word' id='word_1_82' title='bbox 1511 1897 1643 1986; x_wconf 88' lang='lat' dir='ltr'>valeat</span> <span class='ocrx_word' id='word_1_83' title='bbox 1650 1955 1665 2004; x_wconf 95' lang='lat'>,</span> <span class='ocrx_word' id='word_1_84' title='bbox 1684 1909 1725 1984; x_wconf 69' lang='grc' dir='ltr'>ὃ(</span> <span class='ocrx_word' id='word_1_85' title='bbox 1744 1901 1797 1981; x_wconf 84' lang='lat' dir='ltr'>stc</span> <span class='ocrx_word' id='word_1_86' title='bbox 1818 1893 1946 1978; x_wconf 84' lang='lat' dir='ltr'>maxi·</span> 
     </span>
     <span class='ocr_line' id='line_1_11' title="bbox 600 2023 2005 2150; baseline -0.005 -32"><span class='ocrx_word' id='word_1_87' title='bbox 600 2058 714 2118; x_wconf 86' lang='lat' dir='ltr'>mum</span> <span class='ocrx_word' id='word_1_88' title='bbox 739 2032 928 2120; x_wconf 86' lang='lat' dir='ltr'>resarcire</span> <span class='ocrx_word' id='word_1_89' title='bbox 950 2039 1163 2145; x_wconf 90' lang='lat' dir='ltr'>damnum,</span> <span class='ocrx_word' id='word_1_90' title='bbox 1186 2045 1254 2124; x_wconf 89' lang='lat' dir='ltr'>cui</span> <span class='ocrx_word' id='word_1_91' title='bbox 1282 2039 1392 2126; x_wconf 88' lang='lat' dir='ltr'>solus</span> <span class='ocrx_word' id='word_1_92' title='bbox 1416 2040 1652 2124; x_wconf 83' lang='lat' dir='ltr'>succurrere</span> <span class='ocrx_word' id='word_1_93' title='bbox 1675 2033 1802 2150; x_wconf 85' lang='lat' dir='ltr'>potest</span> <span class='ocrx_word' id='word_1_94' title='bbox 1817 2023 1946 2146; x_wconf 87' lang='lat' dir='ltr'>Apol·</span> <span class='ocrx_word' id='word_1_95' title='bbox 1998 2099 2005 2104; x_wconf 96' lang='lat'>.</span> 
     </span>
     <span class='ocr_line' id='line_1_12' title="bbox 599 2164 1947 2290; baseline -0.004 -39"><span class='ocrx_word' id='word_1_96' title='bbox 599 2164 735 2254; x_wconf 88' lang='lat' dir='ltr'>lonius</span> <span class='ocrx_word' id='word_1_97' title='bbox 756 2199 770 2269; x_wconf 83' lang='lat'>3</span> <span class='ocrx_word' id='word_1_98' title='bbox 802 2174 872 2282; x_wconf 90' lang='lat' dir='ltr'>qui</span> <span class='ocrx_word' id='word_1_99' title='bbox 893 2172 983 2288; x_wconf 91' lang='lat' dir='ltr'>plus</span> <span class='ocrx_word' id='word_1_100' title='bbox 1002 2203 1122 2288; x_wconf 90' lang='lat' dir='ltr'>quam</span> <span class='ocrx_word' id='word_1_101' title='bbox 1151 2178 1312 2290; x_wconf 87' lang='lat' dir='ltr'>triginta</span> <span class='ocrx_word' id='word_1_102' title='bbox 1340 2174 1687 2262; x_wconf 84' lang='lat' dir='ltr'>vetustiffimorum</span> <span class='ocrx_word' id='word_1_103' title='bbox 1702 2165 1947 2254; x_wconf 83' lang='lat' dir='ltr'>Grammati-</span> 
     </span>
     <span class='ocr_line' id='line_1_13' title="bbox 597 2291 1946 2429; baseline -0.006 -35"><span class='ocrx_word' id='word_1_104' title='bbox 597 2334 744 2422; x_wconf 84' lang='lat' dir='ltr'>corum</span> <span class='ocrx_word' id='word_1_105' title='bbox 758 2368 773 2414; x_wconf 90' lang='lat'>‚</span> <span class='ocrx_word' id='word_1_106' title='bbox 789 2319 832 2396; x_wconf 72' lang='grc' dir='ltr'>ὅ(</span> <span class='ocrx_word' id='word_1_107' title='bbox 849 2310 1119 2428; x_wconf 91' lang='lat' dir='ltr'>scriptorum,</span> <span class='ocrx_word' id='word_1_108' title='bbox 1137 2314 1223 2398; x_wconf 83' lang='lat' dir='ltr'>fere</span> <span class='ocrx_word' id='word_1_109' title='bbox 1242 2317 1425 2400; x_wconf 92' lang='lat' dir='ltr'>omnium</span> <span class='ocrx_word' id='word_1_110' title='bbox 1438 2291 1761 2429; x_wconf 78' lang='lat' dir='ltr'>deperditolum,</span> <span class='ocrx_word' id='word_1_111' title='bbox 1782 2305 1946 2389; x_wconf 87' lang='lat' dir='ltr'>nomina</span> 
     </span>
     <span class='ocr_line' id='line_1_14' title="bbox 544 2437 1946 2568; baseline -0.004 -37"><span class='ocrx_word' id='word_1_112' title='bbox 544 2437 551 2451; x_wconf 56' lang='lat'>⁸</span> <span class='ocrx_word' id='word_1_113' title='bbox 601 2451 646 2531; x_wconf 84' lang='lat'>&amp;</span> <span class='ocrx_word' id='word_1_114' title='bbox 661 2445 885 2553; x_wconf 89' lang='lat' dir='ltr'>sententias,</span> <span class='ocrx_word' id='word_1_115' title='bbox 901 2451 948 2536; x_wconf 88' lang='lat' dir='ltr'>ad</span> <span class='ocrx_word' id='word_1_116' title='bbox 964 2456 1175 2567; x_wconf 76' lang='lat' dir='ltr'>praecipuas</span> <span class='ocrx_word' id='word_1_117' title='bbox 1193 2449 1354 2538; x_wconf 86' lang='lat' dir='ltr'>Glollas</span> <span class='ocrx_word' id='word_1_118' title='bbox 1374 2451 1449 2537; x_wconf 89' lang='lat' dir='ltr'>suo</span> <span class='ocrx_word' id='word_1_119' title='bbox 1463 2477 1632 2568; x_wconf 87' lang='lat' dir='ltr'>quaeque</span> <span class='ocrx_word' id='word_1_120' title='bbox 1641 2447 1739 2532; x_wconf 93' lang='lat' dir='ltr'>loco</span> <span class='ocrx_word' id='word_1_121' title='bbox 1749 2442 1919 2560; x_wconf 84' lang='lat' dir='ltr'>allegata</span> <span class='ocrx_word' id='word_1_122' title='bbox 1929 2495 1946 2539; x_wconf 85' lang='lat'>,</span> 
     </span>
    </p>

    <p class='ocr_par' dir='ltr' id='par_1_2' title="bbox 520 2585 1949 2976">
     <span class='ocr_line' id='line_1_15' title="bbox 520 2585 1947 2703; baseline 0 -39"><span class='ocrx_word' id='word_1_123' title='bbox 520 2605 522 2608; x_wconf 90' lang='grc'><strong><em>·</em></strong></span> <span class='ocrx_word' id='word_1_124' title='bbox 602 2609 751 2694; x_wconf 88' lang='lat' dir='ltr'>magno</span> <span class='ocrx_word' id='word_1_125' title='bbox 776 2585 982 2693; x_wconf 88' lang='lat' dir='ltr'>Homeri,</span> <span class='ocrx_word' id='word_1_126' title='bbox 1003 2588 1147 2698; x_wconf 86' lang='lat' dir='ltr'>majori</span> <span class='ocrx_word' id='word_1_127' title='bbox 1170 2589 1370 2703; x_wconf 84' lang='lat' dir='ltr'>Hesychii</span> <span class='ocrx_word' id='word_1_128' title='bbox 1393 2591 1719 2676; x_wconf 84' lang='lat' dir='ltr'>&amp;excitatorum</span> <span class='ocrx_word' id='word_1_129' title='bbox 1737 2586 1947 2672; x_wconf 87' lang='lat' dir='ltr'>Gramma·</span> 
     </span>
     <span class='ocr_line' id='line_1_16' title="bbox 602 2711 1945 2846; baseline 0 -42"><span class='ocrx_word' id='word_1_130' title='bbox 602 2720 810 2826; x_wconf 87' lang='lat' dir='ltr'>ticorum,</span> <span class='ocrx_word' id='word_1_131' title='bbox 843 2753 895 2808; x_wconf 87' lang='lat' dir='ltr'>ert</span> <span class='ocrx_word' id='word_1_132' title='bbox 918 2754 1095 2837; x_wconf 86' lang='lat' dir='ltr'>quorum</span> <span class='ocrx_word' id='word_1_133' title='bbox 1122 2711 1310 2843; x_wconf 88' lang='lat' dir='ltr'>operibus</span> <span class='ocrx_word' id='word_1_134' title='bbox 1336 2754 1490 2846; x_wconf 90' lang='lat' dir='ltr'>partem</span> <span class='ocrx_word' id='word_1_135' title='bbox 1514 2730 1555 2812; x_wconf 89' lang='lat' dir='ltr'>in</span> <span class='ocrx_word' id='word_1_136' title='bbox 1582 2725 1716 2812; x_wconf 92' lang='lat' dir='ltr'>lucem</span> <span class='ocrx_word' id='word_1_137' title='bbox 1743 2721 1945 2822; x_wconf 87' lang='lat' dir='ltr'>vindicat,</span> 
     </span>
     <span class='ocr_line' id='line_1_17' title="bbox 603 2858 1949 2976; baseline 0.003 -37"><span class='ocrx_word' id='word_1_138' title='bbox 603 2859 781 2942; x_wconf 86' lang='lat' dir='ltr'>maximo</span> <span class='ocrx_word' id='word_1_139' title='bbox 804 2858 975 2971; x_wconf 89' lang='lat' dir='ltr'>denique</span> <span class='ocrx_word' id='word_1_140' title='bbox 992 2868 1117 2946; x_wconf 90' lang='lat' dir='ltr'>totius</span> <span class='ocrx_word' id='word_1_141' title='bbox 1144 2863 1397 2976; x_wconf 75' lang='lat' dir='ltr'>Reipublicae</span> <span class='ocrx_word' id='word_1_142' title='bbox 1426 2867 1648 2950; x_wconf 84' lang='lat' dir='ltr'>Litterariae</span> <span class='ocrx_word' id='word_1_143' title='bbox 1663 2861 1775 2950; x_wconf 88' lang='lat' dir='ltr'>bono</span> <span class='ocrx_word' id='word_1_144' title='bbox 1794 2921 1809 2965; x_wconf 92' lang='lat'>,</span> <span class='ocrx_word' id='word_1_145' title='bbox 1829 2887 1949 2971; x_wconf 86' lang='lat' dir='ltr'>quarn</span> 
     </span>
    </p>

    <p class='ocr_par' dir='ltr' id='par_1_3' title="bbox 536 2991 2023 4077">
     <span class='ocr_line' id='line_1_18' title="bbox 536 2991 1950 3114; baseline 0.002 -40"><span class='ocrx_word' id='word_1_146' title='bbox 536 3061 544 3074; x_wconf 95' lang='lat'><em>.</em></span> <span class='ocrx_word' id='word_1_147' title='bbox 601 3019 713 3077; x_wconf 93' lang='lat' dir='ltr'>novo</span> <span class='ocrx_word' id='word_1_148' title='bbox 737 2991 889 3080; x_wconf 90' lang='lat' dir='ltr'>lumine</span> <span class='ocrx_word' id='word_1_149' title='bbox 920 2997 1152 3114; x_wconf 87' lang='lat' dir='ltr'>perfundit,</span> <span class='ocrx_word' id='word_1_150' title='bbox 1178 2995 1377 3107; x_wconf 91' lang='lat' dir='ltr'>novisque</span> <span class='ocrx_word' id='word_1_151' title='bbox 1394 2994 1619 3112; x_wconf 85' lang='lat' dir='ltr'>locupletat</span> <span class='ocrx_word' id='word_1_152' title='bbox 1638 2995 1950 3096; x_wconf 84' lang='lat' dir='ltr'>aeceffionibus,</span> 
     </span>
     <span class='ocr_line' id='line_1_19' title="bbox 600 3129 1947 3250; baseline 0.001 -38"><span class='ocrx_word' id='word_1_153' title='bbox 600 3153 740 3246; x_wconf 80' lang='lat' dir='ltr'>prater</span> <span class='ocrx_word' id='word_1_154' title='bbox 772 3130 879 3247; x_wconf 88' lang='lat' dir='ltr'>spem</span> <span class='ocrx_word' id='word_1_155' title='bbox 902 3159 1021 3245; x_wconf 91' lang='lat' dir='ltr'>atque</span> <span class='ocrx_word' id='word_1_156' title='bbox 1043 3137 1360 3250; x_wconf 68' lang='lat' dir='ltr'>expectationem</span> <span class='ocrx_word' id='word_1_157' title='bbox 1381 3129 1604 3219; x_wconf 84' lang='lat' dir='ltr'>feliciffime</span> <span class='ocrx_word' id='word_1_158' title='bbox 1626 3133 1860 3220; x_wconf 85' lang='lat' dir='ltr'>conservata</span> <span class='ocrx_word' id='word_1_159' title='bbox 1883 3157 1947 3215; x_wconf 90' lang='lat' dir='ltr'>re-</span> 
     </span>
     <span class='ocr_line' id='line_1_20' title="bbox 601 3265 2023 3380; baseline 0.004 -34"><span class='ocrx_word' id='word_1_160' title='bbox 601 3267 819 3380; x_wconf 80' lang='lat' dir='ltr'>praesentat.</span> <span class='ocrx_word' id='word_1_161' title='bbox 851 3271 1116 3356; x_wconf 88' lang='lat' dir='ltr'>Ruhnkenius</span> <span class='ocrx_word' id='word_1_162' title='bbox 1141 3272 1287 3354; x_wconf 89' lang='lat' dir='ltr'>merito</span> <span class='ocrx_word' id='word_1_163' title='bbox 1310 3269 1521 3372; x_wconf 88' lang='lat' dir='ltr'>observat,</span> <span class='ocrx_word' id='word_1_164' title='bbox 1542 3271 1583 3352; x_wconf 90' lang='lat' dir='ltr'>in</span> <span class='ocrx_word' id='word_1_165' title='bbox 1603 3269 1760 3355; x_wconf 82' lang='lat' dir='ltr'>Praefat.</span> <span class='ocrx_word' id='word_1_166' title='bbox 1796 3303 1835 3353; x_wconf 88' lang='lat'>2.</span> <span class='ocrx_word' id='word_1_167' title='bbox 1858 3265 1946 3354; x_wconf 90' lang='lat' dir='ltr'>vol.</span> <span class='ocrx_word' id='word_1_168' title='bbox 2017 3353 2023 3360; x_wconf 77' lang='grc'><strong><em>,</em></strong></span> 
     </span>
     <span class='ocr_line' id='line_1_21' title="bbox 602 3400 1946 3521; baseline 0.004 -40"><span class='ocrx_word' id='word_1_169' title='bbox 602 3401 705 3496; x_wconf 85' lang='lat' dir='ltr'>Hes.</span> <span class='ocrx_word' id='word_1_170' title='bbox 727 3438 765 3521; x_wconf 88' lang='lat' dir='ltr'>p.</span> <span class='ocrx_word' id='word_1_171' title='bbox 792 3417 833 3494; x_wconf 89' lang='lat'>6.</span> <span class='ocrx_word' id='word_1_172' title='bbox 863 3407 972 3489; x_wconf 91' lang='lat' dir='ltr'>hunc</span> <span class='ocrx_word' id='word_1_173' title='bbox 999 3403 1357 3518; x_wconf 84' lang='lat' dir='ltr'>Lexicographum</span> <span class='ocrx_word' id='word_1_174' title='bbox 1370 3461 1387 3502; x_wconf 88' lang='lat'>,</span> <span class='ocrx_word' id='word_1_175' title='bbox 1410 3401 1522 3514; x_wconf 88' lang='lat' dir='ltr'>quod</span> <span class='ocrx_word' id='word_1_176' title='bbox 1552 3410 1595 3489; x_wconf 72' lang='grc' dir='ltr'>δε</span> <span class='ocrx_word' id='word_1_177' title='bbox 1623 3404 1749 3519; x_wconf 85' lang='lat' dir='ltr'>ipsum</span> <span class='ocrx_word' id='word_1_178' title='bbox 1769 3400 1946 3520; x_wconf 86' lang='lat' dir='ltr'>Apollo-</span> 
     </span>
     <span class='ocr_line' id='line_1_22' title="bbox 604 3538 1945 3652; baseline 0.001 -26"><span class='ocrx_word' id='word_1_179' title='bbox 604 3545 752 3647; x_wconf 89' lang='lat' dir='ltr'>nium(</span> <span class='ocrx_word' id='word_1_180' title='bbox 783 3573 805 3627; x_wconf 90' lang='lat' dir='ltr'>a</span> <span class='ocrx_word' id='word_1_181' title='bbox 837 3570 920 3652; x_wconf 93' lang='lat' dir='ltr'>quo</span> <span class='ocrx_word' id='word_1_182' title='bbox 954 3543 1089 3625; x_wconf 90' lang='lat' dir='ltr'>omnia</span> <span class='ocrx_word' id='word_1_183' title='bbox 1119 3539 1188 3624; x_wconf 89' lang='lat' dir='ltr'>sua</span> <span class='ocrx_word' id='word_1_184' title='bbox 1221 3538 1446 3626; x_wconf 88' lang='lat' dir='ltr'>Homerica</span> <span class='ocrx_word' id='word_1_185' title='bbox 1477 3541 1605 3626; x_wconf 87' lang='lat' dir='ltr'>hausrr</span> <span class='ocrx_word' id='word_1_186' title='bbox 1633 3540 1761 3650; x_wconf 86' lang='lat' dir='ltr'>Hes.)</span> <span class='ocrx_word' id='word_1_187' title='bbox 1798 3545 1841 3627; x_wconf 93' lang='lat' dir='ltr'>in</span> <span class='ocrx_word' id='word_1_188' title='bbox 1872 3543 1945 3627; x_wconf 82' lang='lat' dir='ltr'>suo</span> 
     </span>
     <span class='ocr_line' id='line_1_23' title="bbox 597 3677 1946 3794; baseline 0 -28"><span class='ocrx_word' id='word_1_189' title='bbox 597 3679 762 3768; x_wconf 82' lang='lat' dir='ltr'>Lexico</span> <span class='ocrx_word' id='word_1_190' title='bbox 785 3679 920 3764; x_wconf 83' lang='lat' dir='ltr'>fecillc</span> <span class='ocrx_word' id='word_1_191' title='bbox 947 3678 1160 3785; x_wconf 86' lang='lat' dir='ltr'>videmus,</span> <span class='ocrx_word' id='word_1_192' title='bbox 1180 3677 1345 3794; x_wconf 84' lang='lat' dir='ltr'>srngulis</span> <span class='ocrx_word' id='word_1_193' title='bbox 1367 3678 1541 3764; x_wconf 88' lang='lat' dir='ltr'>Homeri</span> <span class='ocrx_word' id='word_1_194' title='bbox 1567 3678 1739 3766; x_wconf 81' lang='lat' dir='ltr'>vocibus</span> <span class='ocrx_word' id='word_1_195' title='bbox 1764 3679 1946 3768; x_wconf 88' lang='lat' dir='ltr'>diverso-</span> 
     </span>
     <span class='ocr_line' id='line_1_24' title="bbox 600 3819 1947 3933; baseline 0.001 -27"><span class='ocrx_word' id='word_1_196' title='bbox 600 3823 693 3906; x_wconf 86' lang='lat' dir='ltr'>rum</span> <span class='ocrx_word' id='word_1_197' title='bbox 715 3823 1112 3926; x_wconf 84' lang='lat' dir='ltr'>Grammaticorum,</span> <span class='ocrx_word' id='word_1_198' title='bbox 1135 3823 1316 3905; x_wconf 83' lang='lat' dir='ltr'>maxime</span> <span class='ocrx_word' id='word_1_199' title='bbox 1334 3819 1580 3925; x_wconf 84' lang='lat' dir='ltr'>Aristarchi,</span> <span class='ocrx_word' id='word_1_200' title='bbox 1604 3820 1778 3933; x_wconf 85' lang='lat' dir='ltr'>Apionis</span> <span class='ocrx_word' id='word_1_201' title='bbox 1801 3831 1845 3910; x_wconf 72' lang='grc' dir='ltr'>δε</span> <span class='ocrx_word' id='word_1_202' title='bbox 1865 3823 1947 3908; x_wconf 86' lang='lat' dir='ltr'>He-</span> 
     </span>
     <span class='ocr_line' id='line_1_25' title="bbox 602 3941 1947 4077; baseline 0.001 -33"><span class='ocrx_word' id='word_1_203' title='bbox 602 3957 754 4047; x_wconf 90' lang='lat' dir='ltr'>liodori</span> <span class='ocrx_word' id='word_1_204' title='bbox 766 4020 782 4069; x_wconf 94' lang='lat'>,</span> <span class='ocrx_word' id='word_1_205' title='bbox 810 3963 1153 4077; x_wconf 86' lang='lat' dir='ltr'>interpretationes</span> <span class='ocrx_word' id='word_1_206' title='bbox 1180 3958 1411 4071; x_wconf 76' lang='lat' dir='ltr'>subjecisse,</span> <span class='ocrx_word' id='word_1_207' title='bbox 1437 3960 1580 4072; x_wconf 81' lang='lat' dir='ltr'>easque</span> <span class='ocrx_word' id='word_1_208' title='bbox 1592 4020 1607 4066; x_wconf 97' lang='lat'>,</span> <span class='ocrx_word' id='word_1_209' title='bbox 1630 3941 1844 4047; x_wconf 70' lang='lat' dir='ltr'>inoer&#39;sesr</span> <span class='ocrx_word' id='word_1_210' title='bbox 1865 3961 1947 4048; x_wconf 88' lang='lat' dir='ltr'>dis-</span> 
     </span>
    </p>

    <p class='ocr_par' dir='ltr' id='par_1_4' title="bbox 527 4082 2002 5034">
     <span class='ocr_line' id='line_1_26' title="bbox 527 4082 1973 4216; baseline 0 -32"><span class='ocrx_word' id='word_1_211' title='bbox 527 4131 530 4142; x_wconf 76' lang='grc'><strong>’</strong></span> <span class='ocrx_word' id='word_1_212' title='bbox 605 4126 840 4216; x_wconf 85' lang='lat' dir='ltr'>creparent,</span> <span class='ocrx_word' id='word_1_213' title='bbox 869 4101 1031 4186; x_wconf 87' lang='lat' dir='ltr'>nomine</span> <span class='ocrx_word' id='word_1_214' title='bbox 1060 4102 1265 4185; x_wconf 69' lang='lat' dir='ltr'>coelorum</span> <span class='ocrx_word' id='word_1_215' title='bbox 1295 4085 1520 4186; x_wconf 73' lang='lat' dir='ltr'>distinuille.</span> <span class='ocrx_word' id='word_1_216' title='bbox 1551 4101 1710 4186; x_wconf 89' lang='lat' dir='ltr'>Verum</span> <span class='ocrx_word' id='word_1_217' title='bbox 1736 4100 1844 4186; x_wconf 88' lang='lat' dir='ltr'>addit</span> <span class='ocrx_word' id='word_1_218' title='bbox 1862 4082 1973 4184; x_wconf 60' lang='lat' dir='ltr'>ins-&#39;</span> 
     </span>
     <span class='ocr_line' id='line_1_27' title="bbox 608 4237 1949 4358; baseline -0.001 -34"><span class='ocrx_word' id='word_1_219' title='bbox 608 4241 744 4324; x_wconf 84' lang='lat' dir='ltr'>citiam</span> <span class='ocrx_word' id='word_1_220' title='bbox 770 4237 1059 4358; x_wconf 85' lang='lat' dir='ltr'>Epitomaroris</span> <span class='ocrx_word' id='word_1_221' title='bbox 1088 4265 1228 4321; x_wconf 91' lang='lat' dir='ltr'>omnes</span> <span class='ocrx_word' id='word_1_222' title='bbox 1260 4239 1442 4321; x_wconf 89' lang='lat' dir='ltr'>omnium</span> <span class='ocrx_word' id='word_1_223' title='bbox 1475 4239 1843 4324; x_wconf 85' lang='lat' dir='ltr'>Grammaticorum</span> <span class='ocrx_word' id='word_1_224' title='bbox 1874 4265 1949 4323; x_wconf 85' lang='lat' dir='ltr'>ex-</span> 
     </span>
     <span class='ocr_line' id='line_1_28' title="bbox 608 4372 1949 4489; baseline 0.004 -32"><span class='ocrx_word' id='word_1_225' title='bbox 608 4377 878 4489; x_wconf 87' lang='lat' dir='ltr'>plicationes,</span> <span class='ocrx_word' id='word_1_226' title='bbox 906 4379 1026 4462; x_wconf 92' lang='lat' dir='ltr'>etiam</span> <span class='ocrx_word' id='word_1_227' title='bbox 1051 4375 1078 4458; x_wconf 82' lang='lat' dir='ltr'><strong>fi</strong></span> <span class='ocrx_word' id='word_1_228' title='bbox 1104 4377 1208 4458; x_wconf 88' lang='lat' dir='ltr'>inter</span> <span class='ocrx_word' id='word_1_229' title='bbox 1239 4372 1283 4458; x_wconf 90' lang='lat' dir='ltr'>se</span> <span class='ocrx_word' id='word_1_230' title='bbox 1310 4402 1393 4458; x_wconf 90' lang='lat' dir='ltr'>non</span> <span class='ocrx_word' id='word_1_231' title='bbox 1420 4397 1724 4488; x_wconf 88' lang='lat' dir='ltr'>congruerent,</span> <span class='ocrx_word' id='word_1_232' title='bbox 1754 4377 1795 4460; x_wconf 94' lang='lat' dir='ltr'>in</span> <span class='ocrx_word' id='word_1_233' title='bbox 1822 4403 1949 4462; x_wconf 87' lang='lat' dir='ltr'>unum</span> 
     </span>
     <span class='ocr_line' id='line_1_29' title="bbox 609 4509 1947 4624; baseline 0.001 -27"><span class='ocrx_word' id='word_1_234' title='bbox 609 4509 868 4612; x_wconf 83' lang='lat' dir='ltr'>conflaviffe,</span> <span class='ocrx_word' id='word_1_235' title='bbox 903 4519 947 4598; x_wconf 71' lang='lat' dir='ltr'>&amp;r</span> <span class='ocrx_word' id='word_1_236' title='bbox 976 4511 1345 4596; x_wconf 82' lang='lat' dir='ltr'>Grammaticorum</span> <span class='ocrx_word' id='word_1_237' title='bbox 1378 4511 1578 4610; x_wconf 85' lang='lat' dir='ltr'>nomina,</span> <span class='ocrx_word' id='word_1_238' title='bbox 1617 4534 1807 4624; x_wconf 88' lang='lat' dir='ltr'>tanquam</span> <span class='ocrx_word' id='word_1_239' title='bbox 1845 4513 1947 4598; x_wconf 90' lang='lat' dir='ltr'>nihil</span> 
     </span>
     <span class='ocr_line' id='line_1_30' title="bbox 608 4643 1945 4762; baseline 0.002 -30"><span class='ocrx_word' id='word_1_240' title='bbox 608 4653 853 4761; x_wconf 78' lang='lat' dir='ltr'>magnopere</span> <span class='ocrx_word' id='word_1_241' title='bbox 872 4643 923 4728; x_wconf 85' lang='lat' dir='ltr'>ad</span> <span class='ocrx_word' id='word_1_242' title='bbox 956 4672 1042 4730; x_wconf 91' lang='lat' dir='ltr'>rem</span> <span class='ocrx_word' id='word_1_243' title='bbox 1076 4646 1348 4760; x_wconf 88' lang='lat' dir='ltr'>pertinentia,</span> <span class='ocrx_word' id='word_1_244' title='bbox 1378 4643 1581 4762; x_wconf 87' lang='lat' dir='ltr'>plerisque</span> <span class='ocrx_word' id='word_1_245' title='bbox 1605 4645 1711 4734; x_wconf 92' lang='lat' dir='ltr'>locis</span> <span class='ocrx_word' id='word_1_246' title='bbox 1743 4645 1945 4738; x_wconf 82' lang='lat' dir='ltr'>delevilie.</span> 
     </span>
     <span class='ocr_line' id='line_1_31' title="bbox 607 4775 2002 4902; baseline 0 -34"><span class='ocrx_word' id='word_1_247' title='bbox 607 4785 759 4888; x_wconf 84' lang='lat' dir='ltr'>idem,</span> <span class='ocrx_word' id='word_1_248' title='bbox 793 4807 840 4868; x_wconf 91' lang='lat' dir='ltr'>ut</span> <span class='ocrx_word' id='word_1_249' title='bbox 864 4775 1041 4866; x_wconf 83' lang='lat' dir='ltr'>ostendat</span> <span class='ocrx_word' id='word_1_250' title='bbox 1075 4807 1192 4889; x_wconf 83' lang='lat' dir='ltr'>quam</span> <span class='ocrx_word' id='word_1_251' title='bbox 1225 4778 1381 4866; x_wconf 87' lang='lat' dir='ltr'>diversa</span> <span class='ocrx_word' id='word_1_252' title='bbox 1412 4782 1535 4868; x_wconf 87' lang='lat' dir='ltr'>fuerit</span> <span class='ocrx_word' id='word_1_253' title='bbox 1567 4782 1768 4893; x_wconf 80' lang='lat' dir='ltr'>Hesychii</span> <span class='ocrx_word' id='word_1_254' title='bbox 1790 4785 1948 4886; x_wconf 75' lang='lat' dir='ltr'>facies,</span> <span class='ocrx_word' id='word_1_255' title='bbox 1998 4892 2002 4902; x_wconf 17' lang='grc' dir='ltr'><strong><em>Δ</em></strong></span> 
     </span>
     <span class='ocr_line' id='line_1_32' title="bbox 608 4913 1950 5034; baseline 0.005 -30"><span class='ocrx_word' id='word_1_256' title='bbox 608 4948 818 5034; x_wconf 68' lang='lat' dir='ltr'>antequam</span> <span class='ocrx_word' id='word_1_257' title='bbox 845 4918 1101 5033; x_wconf 87' lang='lat' dir='ltr'>Epitomator</span> <span class='ocrx_word' id='word_1_258' title='bbox 1124 4913 1250 5004; x_wconf 87' lang='lat' dir='ltr'>foedas</span> <span class='ocrx_word' id='word_1_259' title='bbox 1276 4915 1340 5002; x_wconf 89' lang='lat' dir='ltr'>illi</span> <span class='ocrx_word' id='word_1_260' title='bbox 1364 4943 1503 5002; x_wconf 87' lang='lat' dir='ltr'>manus</span> <span class='ocrx_word' id='word_1_261' title='bbox 1523 4914 1713 5002; x_wconf 80' lang='lat' dir='ltr'>inntliffet</span> <span class='ocrx_word' id='word_1_262' title='bbox 1724 4973 1741 5033; x_wconf 85' lang='lat'>,</span> <span class='ocrx_word' id='word_1_263' title='bbox 1760 4915 1810 5004; x_wconf 85' lang='lat' dir='ltr'>ad</span> <span class='ocrx_word' id='word_1_264' title='bbox 1832 4917 1950 5018; x_wconf 69' lang='lat' dir='ltr'>Aue-2</span> 
     </span>
    </p>
   </div>
   <div class='ocr_carea' id='block_1_2' title="bbox 0 0 2262 6016">
    <p class='ocr_par' dir='ltr' id='par_1_5' title="bbox 0 0 2262 6016">
     <span class='ocr_line' id='line_1_33' title="bbox 0 0 2262 6016; baseline 0 3"><span class='ocrx_word' id='word_1_265' title='bbox 0 0 2262 6016; x_wconf 95' lang='lat' dir='ltr'> </span> 
     </span>
    </p>
   </div>
  </div>
 </body>
</html>
