4516 6016
623 609 1380 722 anonaeomrnh
1579 623 1683 696 'nv

342 764 532 881 potuisset
556 765 604 854 ab
633 769 835 875 Horatio,
851 767 963 881 quod
986 769 1132 856 Grates
1162 770 1304 890 linguat
1325 767 1528 858 scientiam
1554 769 1685 853 maxi-

338 932 449 988 mam
465 905 630 992 haberet
642 934 655 1004 3
666 910 814 1024 quippe
828 909 922 1018 qui,
937 906 1209 994 eruditissimus
1231 911 1525 1002 Grammaticus
1542 915 1584 994 ot
1597 904 1687 988 Ho-

335 1046 440 1130 meri
450 1049 653 1164 ,Interpres
668 1107 683 1153 ,
698 1076 747 1132 ea
758 1049 905 1138 G'raeeae
918 1045 1090 1161 linguae,
1113 1075 1165 1134 ve
1210 1052 1404 1138 tiintimis
1420 1045 1689 1166 penetralibus

337 1205 386 1263 ac
396 1181 606 1271 recessibus
614 1181 746 1271 abdita
755 1244 770 1290 ,
787 1183 1078 1300 cognosceret,
1096 1188 1138 1270 in
1157 1046 1302 1300 (Ἅιδης
1317 1191 1446 1272 ceteri
1459 1187 1591 1270 Graeci
1606 1180 1687 1298 pla-

335 1345 388 1405 ne
412 1319 593 1436 hospites
615 1353 663 1408 ac
692 1325 896 1438 peregrini
920 1322 1055 1412 client.
1099 1322 1222 1409 Certe
1249 1353 1332 1409 non
1362 1309 1564 1442 possimus
1589 1350 1683 1406 curn
1777 1401 1783 1416 ,

336 1449 525 1542 Fabricio
540 1459 729 1576 suspicati
748 1489 821 1577 per
842 1463 1021 1554 nostrum
1035 1458 1337 1567 Heliodorum,
1360 1469 1403 1548 ot
1415 1459 1463 1548 ab
1477 1458 1579 1545 Hes.
1594 1457 1683 1542 lau·

338 1587 491 1700 datum,
500 1595 807 1714 intelligendum
820 1599 894 1686 else
908 1598 1180 1689 Heliodorum
1189 1598 1428 1716 Sophislam,
1438 1600 1509 1714 qui
1518 1595 1686 1690 Hadria-4

338 1755 394 1812 no
425 1733 655 1848 imperatori
689 1737 737 1824 ab
766 1735 945 1856 epistolis
968 1737 1077 1837 suit,
1102 1738 1270 1824 cumiret
1300 1734 1348 1823 ab
1374 1732 1601 1851 Apollonio
1626 1735 1685 1822 ci«

335 1869 413 1951 tari
440 1899 523 1952 non
550 1875 748 1984 potuisset.
776 1877 941 1980 Quanto
966 1875 1118 1982 potiori
1141 1873 1230 1976 jure
1240 1875 1302 1954 hae
1318 1873 1583 1984 expositiones
1602 1871 1685 1952 Ho-

262 2075 265 2080 .
337 2004 499 2090 mericae
532 2007 749 2092 referenda
784 2005 951 2093 suntad
981 2005 1237 2110 Rhetorem,
1287 2008 1526 2092 Graecorum
1555 2004 1684 2122 longe

338 2138 623 2255 (seuliagaae)
644 2142 943 2248 dosllsfimum,·
959 2144 1031 2256 qui
1047 2166 1233 2258 tempore
1261 2143 1422 2230 Horatii
1449 2145 1580 2250 vixit,
1609 2170 1683 2230 eo·

270 2331 275 2336 -
337 2301 418 2388 que
439 2275 688 2370 familiariter.
707 2281 801 2368 usus
828 2281 908 2366 est!

340 2473 346 2483 -
395 2414 571 2505 citat&
591 2416 859 2521 Cleanthem,
883 2420 1027 2509 Phanii
1048 2421 1179 2526 filiurn
1202 2481 1217 2530 ,
1243 2446 1291 2524 ut,
1312 2420 1522 2539 Diogenes
1557 2422 1683 2507 Laer·
1708 2414 1874 2502 c'tamtncs.
2034 2431 2036 2436 ’

337 2557 417 2641 titis
441 2585 488 2640 ac
517 2557 657 2646 Suidas
681 2558 884 2663 scribmt,
908 2588 961 2646 ex
980 2561 1086 2648 'Affo
1112 2561 1354 2664 oriundum,
1379 2591 1464 2669 quae
1485 2581 1568 2640 erat
1589 2553 1684 2640 urbs

336 2691 505 2806 Lycia,
526 2694 642 2805 cujas
663 2701 845 2782 meminit
856 2695 1006 2780 Strabo
1030 2699 1083 2780 L.
1111 2725 1174 2799 13.
1199 2703 1243 2779 dt
1259 2694 1480 2808 Stephanus
1492 2698 1541 2776 de
1559 2693 1685 2776 Urbi-

335 2833 429 2916 bus.
447 2833 498 2915 ln
517 2831 592 2916 hale
606 2829 706 2914 urbe
720 2826 993 2916 admirabilem
1009 2828 1215 2916 Cleanthis
1229 2832 1391 2912 statuam
1413 2829 1577 2912 Senaths
1592 2827 1684 2910 Ro-

338 2969 445 3057 mani
468 2967 634 3054 decreto
655 2965 862 3053 Cleanthis
881 2966 1031 3052 honori
1056 2963 1278 3052 dedicatam
1301 2967 1439 3057 vidisse
1460 2967 1501 3064 se
1521 2969 1683 3056 testatur

336 3101 893 3226 Simplicius‚Capit.trltimo
908 3105 950 3188 in
964 3103 1130 3216 Epiner.
1144 3103 1681 3226 EnchiridsedleaMenag.

333 3238 387 3327 ad
404 3240 542 3325 Laert.
562 3235 800 3322 emendatus.
828 3233 1048 3324 Cleanthes
1074 3237 1205 3349 ptimo
1223 3235 1337 3352 pugil
1356 3236 1512 3336 fueratt
1540 3263 1582 3324 ut
1604 3239 1680 3322 tes·

338 3399 472 3462 tantur
483 3373 687 3478 Surdas&
700 3371 966 3476 Antisthenes,
981 3369 1138 3456 inlibro
1151 3375 1198 3458 de
1212 3375 1550 3488 successionibus(
1556 3396 1577 3454 n
1590 3391 1701 3456 honr

334 3531 416 3611 καῖε)
441 3511 670 3626 aDiogene
690 3510 856 3596 Laertio
870 3506 1063 3604 laudatus.
1084 3513 1262 3598 Athenas
1275 3539 1355 3617 ,nt
1367 3516 1476 3599 aiunt
1493 3515 1676 3626 quidam,

333 3677 512 3766 quatuor
526 3665 621 3735 cum
633 3648 835 3740 drachmis
854 3649 1083 3766 professus,
1100 3677 1196 3738 cum
1220 3649 1261 3735 se
1275 3648 1323 3734 ad
1346 3651 1557 3737 Zenonem
1578 3682 1678 3738 con·
1712 3731 1714 3740 .

335 3789 515 3896 tulisset,
540 3785 843 3882 constantissime
862 3784 1165 3904 philosophatus
1182 3791 1237 3872 est
1256 3847 1272 3894 ‚
1288 3788 1506 3902 eademque
1518 3790 1680 3876 decreta

335 3930 489 4026 tenuit3
504 3955 551 4014 ac
565 3925 752 4011 Zenonis·
768 3924 969 4020 successor
984 3924 1077 4011 suit.
1098 3926 1238 4022 Suidas,
1250 3953 1381 4014 tamen
1392 3927 1572 4014 adfirmat
1586 3954 1680 4026 eum

262 4179 278 4190 .
335 4070 467 4186 primo
488 4063 663 4150 Cratetis
678 4059 917 4180 discipulum
932 4062 1068 4170 fuisse,
1084 4095 1132 4150 ac
1145 4059 1288 4157 deinde
1300 4070 1529 4182 magistrum
1540 4063 1676 4177 Chry-

334 4204 432 4320 srppi
444 4198 685 4316 Philosophi
701 4198 876 4288 Solensis
891 4198 1142 4316 &Antigoni
1156 4206 1277 4318 regis.
1295 4204 1354 4286 At
1368 4199 1558 4289 Clemens
1573 4197 1676 4286 Ale-

330 4326 517 4428 xandrin.
529 4370 635 4438 ειμμ.
659 4339 712 4426 L.
734 4373 763 4426 ι.
778 4338 902 4426 docet
917 4339 1131 4427 Zenonem
1145 4341 1304 4456 ipsum,
1320 4372 1402 4426 non
1416 4363 1517 4420 veto
1532 4335 1675 4424 Clean·

330 4483 444 4562 them
456 4537 471 4581 ,
501 4478 673 4567 Cratetis
699 4476 940 4593 discipulum
962 4479 1097 4574 fuisse,
1112 4479 1320 4579 ,hujusque
1342 4472 1519 4560 Zenonis
1546 4478 1587 4562 in
1607 4478 1672 4564 lo·
1715 4533 1721 4540 -

318 4641 431 4704 .cum
451 4613 667 4700 successisse
680 4611 918 4700 Cleanthem
932 4611 1127 4710 nostrum,
1150 4633 1172 4688 a
1193 4635 1279 4718 quo,
1291 4606 1432 4696 schola
1450 4611 1673 4701 relidasuit

335 4737 1671 4868 ChrysippoUndefalsusestValer.Maxim.quicontra,L.830.7.
1825 4817 1828 4836 ,
