4516 6016
551 637 1382 746 *PROLEGOMENAJ
1571 632 1671 742 lxvij

331 801 470 888 nolito
490 798 720 919 Apollonio
746 805 959 890 conveniat
986 800 1055 888 vel
1078 801 1314 891 adverbum
1338 859 1353 908 ,
1378 797 1674 914 prasertimque

333 938 376 1024 in
406 936 658 1028 breviorrlrus
688 937 824 1054 glossis
839 1000 854 1045 ,
884 970 1079 1045 monere,
1112 939 1166 1025 ob
1196 942 1352 1028 crebras
1385 938 1674 1057 repetitiones,

333 1075 517 1192 putidum
534 1077 748 1183 duximus,
776 1079 847 1162 nili
871 1076 940 1163 ubi
970 1077 1120 1196 aliquid
1137 1103 1278 1164 notatu
1300 1078 1465 1188 dignum
1483 1099 1676 1160 occurre»

332 1237 410 1299 ret.
433 1215 542 1301 Nam
557 1243 678 1302 nemo
696 1215 823 1301 nescit
836 1216 925 1300 lieri
939 1245 1021 1328 non
1033 1216 1155 1334 posse,
1171 1218 1267 1328 quin
1286 1213 1482 1300 interdum
1508 1210 1645 1298 similia
1656 1269 1674 1316 ,

332 1347 460 1436 immo
486 1352 589 1462 saepe
619 1351 786 1457 eadem,
831 1352 970 1437 iisdem
1000 1353 1085 1438 sere
1117 1349 1250 1438 verbis
1272 1351 1440 1436 afferant
1460 1350 1675 1434 Gramma-

331 1487 404 1572 tici
417 1490 488 1600 qui
501 1547 516 1592 ,
532 1488 717 1574 eumdem
731 1491 933 1576 Autorcm
951 1487 1221 1610 explicantes,
1236 1486 1399 1574 eosdem
1412 1486 1573 1576 adivere
1586 1488 1678 1578 son-1

329 1647 404 1711 tes.
433 1626 483 1709 In
500 1627 662 1711 nimiam
685 1624 927 1715 excrevisset
947 1627 1103 1714 molem
1125 1627 1351 1745 hocopus,
1373 1625 1550 1742 srpaffim
1570 1622 1674 1710 Hes.

181 1853 188 1862 ,
327 1759 508 1874 Etymol.
539 1769 602 1848 Μ.
625 1794 671 1850 ac
696 1764 923 1872 Scholiasta:
937 1768 1104 1851 minoris
1125 1774 1210 1854 &m
1231 1761 1354 1870 loca,
1377 1759 1584 1872 exquibus
1612 1763 1676 1846 ni-

327 1897 389 1981 hil
408 1897 577 2015 amplius
597 1900 782 2002 discitur,
803 1931 935 2015 quam.
948 1903 1060 2013 quod
1085 1906 1128 1982 in
1146 1899 1373 2015 Apollonio
1401 1897 1583 2011 legitur,
1609 1922 1679 1982 aut

326 2031 431 2149 apud
453 2061 522 2118 eos
546 2033 801 2150 quarendum
833 2039 907 2143 est,
950 2066 1025 2122 nos
1036 2095 1051 2142 ‚
1070 2121 1072 2127 ,
1089 2036 1214 2122 inanis
1250 2043 1294 2121 &
1318 2031 1517 2120 facillimae
1547 2032 1680 2136 erudi·

324 2175 448 2258 tionis
475 2172 845 2260 ostentandaecauss
858 2234 875 2280 ‚
903 2177 959 2262 ita
983 2171 1300 2289 allegavissemus
1314 2229 1329 2281 ‚
1345 2199 1391 2258 ut
1412 2171 1490 2258 haic
1519 2170 1680 2288 prolixi

325 2306 627 2424 garrulitate&
658 2313 792 2397 inutili
813 2311 1033 2400 verborum
1063 2313 1269 2426 profluvio
1303 2309 1576 2425 Apollonium
1602 2341 1679 2429 po·

324 2449 405 2533 tius
435 2448 892 2563 oneravissemus'quam
922 2451 1299 2551 illustrauillemus3
1339 2450 1552 2567 prasertim
1582 2478 1677 2534 cum

324 2614 412 2700 quae
428 2587 479 2673 de
492 2588 726 2674 Homericis
742 2588 951 2675 vocabulis
966 2589 1156 2706 disputari
1169 2613 1376 2704 poterant,
1392 2616 1437 2670 ea
1444 2584 1521 2691 jam
1534 2612 1678 2698 praeoc-

324 2750 468 2840 cupata
492 2725 565 2808 smt
585 2723 633 2809 ab
649 2724 762 2831 aliis,
786 2753 862 2812 nec
886 2752 933 2811 ea
946 2726 988 2810 iu
1010 2754 1135 2809 unum
1155 2749 1303 2837 corpus
1319 2721 1527 2835 compulsa
1541 2720 1679 2825 ederej

323 2859 395 2946 sed
411 2859 541 2946 solam
560 2859 775 2979 Apollonii
795 2862 1027 2949 sententiam
1051 2857 1256 2945 declarare
1266 2913 1281 2962 ,
1301 2857 1416 2944 nobis
1436 2886 1546 2947 mens
1569 2858 1677 2945 esset.

323 2999 425 3082 Non
447 3027 538 3084 raro
557 3027 725 3115 quoque
754 3027 832 3085 nos
854 3027 878 3084 e
901 2996 1007 3083 locis
1028 2999 1222 3081 intricatis
1244 3004 1285 3081 ὅ(
1317 2999 1519 3112 corruptis
1547 2996 1678 3083 felicl-

323 3159 386 3220 ter
410 3136 614 3251 expedivit
637 3134 886 3221 utilissimum
921 3134 1023 3220 illud
1058 3135 1250 3217 Eustathii
1272 3163 1373 3248 opus
1398 3131 1541 3242 quod,
1565 3162 1612 3219 ut
1632 3145 1675 3222 ὅ(
1695 3101 1862 3256 iuml*

326 3300 466 3357 omnes
505 3270 591 3354 sere
612 3271 829 3354 Poetarum
856 3269 1106 3383 interpretes.
1124 3267 1316 3372 Gtaecos,
1337 3296 1361 3352 a
1384 3269 1514 3385 capite
1531 3269 1673 3357 adcal-

324 3437 415 3494 cem
437 3405 698 3522 relegendum
723 3405 972 3512 censuimus,
1002 3433 1047 3493 ut
1071 3433 1123 3492 ex
1145 3405 1193 3492 iis
1207 3428 1343 3492 notata
1354 3405 1402 3492 ad
1426 3433 1588 3496 manum
1606 3409 1673 3496 ha·

324 3545 510 3632 beremus
537 3575 621 3658 quat
640 3541 776 3628 nostro
807 3545 957 3628 autimi
991 3541 1147 3658 pollent
1176 3539 1315 3630 lucem
1345 3542 1563 3634 affundere.
1604 3545 1671 3632 Uli

322 3711 486 3800 quoque
503 3683 652 3768 suimus
670 3680 854 3814 plurimis
878 3680 1044 3767 Lexicis
1067 3677 1500 3796 Sangermanenstbus‚
1522 3712 1569 3768 ac
1586 3683 1673 3770 Re·

323 3821 426 3934 giis,
455 3849 632 3934 quorum
659 3821 817 3936 copiam
844 3817 1126 3906 officiostffime
1158 3814 1278 3904 nobis
1317 3817 1502 3904 fecerunt
1535 3819 1675 3908 huma-

322 3959 479 4064 nissimi,
492 3958 693 4073 iidemque
705 3955 930 4059 dositlstmr,
938 3952 1202 4040 Bibliothecae
1214 3955 1356 4071 Regia
1372 3957 1560 4114 pmfeffi'.
1571 3957 1675 4070 Cap-

321 4124 567 4214 peronnerus
592 4125 639 4180 ac
665 4091 865 4204 Bejotus,
886 4091 1032 4208 quibus
1060 4092 1338 4204 immortales,
1361 4125 1436 4213 pto
1465 4095 1582 4180 tantis
1605 4122 1673 4179 eo-

320 4261 413 4322 rum
436 4233 641 4323 beneficiis
652 4293 668 4342 ‚
697 4233 796 4320 mihi
818 4230 978 4350 agenda
1000 4234 1089 4322 sunt
1108 4236 1255 4349 gratia.

378 4375 490 4462 Inter
499 4379 583 4464 lraec
598 4374 732 4492 Regia
746 4374 899 4462 Lexica
914 4371 1133 4492 plurimum
1149 4373 1362 4493 pracsertim
1383 4367 1497 4454 nobis
1516 4367 1674 4478 profuit

318 4507 510 4606 Lexicon
521 4511 715 4600 ineditum
730 4511 936 4623 cujusdam
945 4506 1208 4611 Philemonis,
1225 4534 1345 4618 quem
1358 4505 1489 4624 primo
1504 4507 1671 4620 quidem

320 4644 635 4763 Philonemjpto
644 4647 900 4750 Philemone,
920 4641 1150 4730 vocandum
1172 4643 1381 4733 censebam
1391 4677 1464 4754 ‚ac
1483 4645 1671 4734 eumdem

324 4783 401 4872 elie
426 4787 746 4875 Grammaticum
776 4781 963 4902 putabant
983 4811 1102 4897 quem
1126 4783 1290 4903 singulis
1311 4785 1397 4874 fere
1419 4790 1572 4906 paginis
1597 4786 1670 4874 sub

386 4949 390 4963 '
1339 4989 1344 5000 ι
1430 4959 1495 5011 12

1690 3679 1817 3820 Msi'm

1703 4485 1859 4548 Philemon.
