4536 6022
615 547 739 681 mi
914 549 1685 722 rnonreounnns

576 872 580 877 .
614 756 775 846 telletla
790 759 888 869 ,vel
910 764 1134 852 dofflffirnis
1156 753 1254 853 viris
1284 766 1411 853 fraudi
1435 766 1600 852 fuerunt
1621 794 1635 863 3
1660 787 1705 849 ut
1734 787 1817 864 non
1841 758 1963 844 semei

612 897 656 981 in
679 900 786 984 notis
809 895 861 986 ad
880 901 981 990 Hes.
1007 913 1049 990 ὰ
1073 900 1123 987 ad
1148 905 1327 989 nostrum
1347 901 1547 1021 Apollon.
1583 900 1663 1013 jam
1684 901 1961 1016 praemonitum

614 1033 682 1141 est.
711 1031 827 1120 Unde
855 1035 966 1123 Clar.
991 1034 1151 1121 Alberti
1174 1039 1334 1126 testatur
1361 1035 1668 1141 Schrevelium,
1689 1037 1730 1120 in
1759 1032 1830 1118 sud
1855 1031 1960 1118 Hes.

611 1166 826 1276 Editione,
850 1171 1087 1288 compendia
1107 1171 1337 1278 scribendi,
1357 1175 1438 1270 sive
1464 1175 1708 1285 antiquiores
1734 1147 1959 1254 litterarum

611 1329 751 1415 notas,
768 1305 1078 1422 aliquandolnon
1089 1308 1484 1401 intellexille'videri.
1505 1287 1635 1423 Cujus¹
1647 1309 1808 1397 inscitia
1822 1336 1957 1392 exem·

605 1425 676 1560 'pla
697 1444 825 1529 adfert
854 1479 893 1563 p.
922 1477 985 1531 ιο.
1010 1447 1089 1532 suae
1113 1448 1261 1565 praefat.

431 1587 589 1682 'Temnu-
667 1583 717 1666 In
732 1583 885 1696 quintd,
899 1569 1027 1690 serti,
1041 1583 1208 1700 septimi
1221 1585 1382 1672 Tabulal
1389 1611 1407 1698 ,⁴
1424 1595 1466 1674 dt
1480 1591 1625 1673 oetavae
1639 1587 1771 1689 initio,
1785 1577 1952 1698 exprelli

413 1681 518 1732 Μ’
608 1718 960 1808 Terminationum
995 1727 1146 1811 formas
1174 1785 1189 1832 ,
1217 1728 1259 1811 in
1288 1723 1433 1838 quibus
1464 1728 1659 1842 precipua
1686 1719 1882 1832 hujusce,
1909 1742 1955 1801 ut

535 1837 541 1856 ⁸
608 1865 651 1944 δι
679 1857 880 1966 aliorum,
914 1863 1022 1950 Cod.
1045 1863 1128 1948 ΜΓ.
1157 1865 1330 1949 vertitur
1355 1861 1571 1947 difficultas
1584 1921 1600 1966 ,
1626 1889 1790 1972 quaque
1804 1917 1819 1964 ,
1859 1885 1954 1942 cum

464 2065 467 2072 .
604 2013 749 2082 contra
763 1993 988 2083 litterarum
1003 2001 1269 2116 compendia,
1286 2028 1361 2118 pro
1384 2005 1498 2088 vario
1526 1995 1734 2083 scribentis
1756 1993 1922 2080 arbitrio
1935 2009 1951 2094 ,'

604 2136 715 2220 varie
750 2135 1047 2241 efformentur,
1086 2134 1268 2220 eamdem
1295 2137 1452 2251 semper
1476 2136 1649 2220 retinent
1675 2135 1878 2250 figuram,
1908 2133 1949 2214 in

604 2267 790 2358 omnibus
817 2273 1028 2388 prasertim
1059 2275 1157 2357 noni
1182 2301 1232 2358 ac
1253 2272 1401 2358 decimi
1421 2269 1555 2372 saculi
1574 2269 1811 2356 Codicibus.
1840 2269 1949 2353 Cum
2005 2291 2010 2300 ’

603 2436 655 2496 ert
682 2415 729 2496 iis
755 2411 1130 2496 Terminationibus
1157 2413 1336 2497 constent
1350 2440 1398 2496 ac
1420 2410 1658 2496 definiantur
1679 2409 1857 2512 numeri,
1879 2435 1949 2522 ge·

602 2577 725 2650 nera,
747 2549 889 2652 casus,
916 2576 1099 2666 tempora
1113 2579 1159 2636 ac
1175 2549 1308 2656 modi,
1335 2574 1565 2662 caetetaeque
1586 2578 1738 2636 vocum
1758 2550 1945 2632 inflexio·

600 2704 671 2770 nes
685 2743 701 2791 ,
734 2713 781 2770 ac
819 2709 905 2770 tota
937 2683 1109 2799 denique
1141 2687 1412 2771 Grammatica
1426 2746 1442 2792 ,
1469 2692 1539 2800 qui
1568 2683 1637 2771 vel
1668 2681 1945 2800 perfefflffime

601 2830 780 2910 omnium
805 2819 986 2945 attatum,
1014 2827 1194 2910 omnium
1228 2825 1460 2932 Codicum,
1485 2822 1779 2941 compendia&
1795 2821 1946 2906 formas

600 2960 823 3048 litterarum
850 2958 1072 3067 calluerit,
1102 2961 1320 3073 omnesque
1345 2986 1483 3043 earum
1514 2961 1654 3043 duetus
1681 2959 1949 3069 adsequatur,

597 3098 660 3201 is,
678 3098 704 3181 sr
719 3100 759 3182 in
772 3097 1122 3182 Terminationum
1139 3099 1278 3214 figuris
1300 3097 1444 3217 hospes
1461 3125 1506 3181 ac
1529 3098 1762 3213 peregrinus
1775 3097 1946 3198 haereat,

597 3227 653 3320 ita
678 3235 817 3321 frustra
842 3225 1006 3321 omnino
1027 3235 1185 3321 futurus
1207 3237 1282 3339 stt,
1302 3261 1347 3320 ut
1370 3263 1420 3322 ne
1443 3221 1615 3320 verbum
1636 3233 1800 3348 quidem
1822 3263 1845 3319 a
1868 3261 1943 3319 no·

597 3376 705 3458 mine
717 3433 733 3480 ,
755 3402 806 3458 ne
831 3372 1069 3489 fingularem
1089 3372 1479 3496 quidem'numerum
1502 3403 1524 3457 a
1548 3371 1695 3491 plurali
1714 3372 1941 3459 discernere

594 3517 745 3623 queat,
760 3509 830 3595 sed
843 3569 859 3615 ,
874 3512 1008 3596 omnia
1037 3510 1103 3594 sus
1132 3507 1263 3623 deque
1291 3510 1456 3596 confusa
1478 3539 1524 3594 ac
1544 3513 1740 3627 permixta
1762 3509 1937 3613 habens,

596 3635 638 3731 in
667 3647 911 3764 gracillimus
945 3648 1139 3762 impingat
1164 3675 1339 3734 errores.
1372 3647 1489 3732 Unde
1521 3651 1647 3762 magis
1676 3649 1801 3734 miror
1824 3643 1938 3730 Clar.

595 3782 974 3890 Montfauconium,
989 3785 1031 3866 in
1047 3783 1349 3893 praestmtiffima
1360 3779 1771 3900 sultPalaeographid,
1787 3780 1939 3867 nullam

592 3919 634 4004 T
628 3921 965 4028 erminationurn,
992 3950 1077 4033 quae
1098 3945 1179 4007 tam
1204 3921 1392 4008 adcurate
1406 3923 1583 4009 notanda
1596 3922 1688 4009 sunt
1699 3981 1716 4029 ,
1739 3924 1937 4009 rationem

593 4056 795 4168 habuiffe,
825 4059 988 4146 sedeas
1019 4089 1160 4144 omnes
1183 4040 1340 4146 silentio
1363 4061 1656 4176 praetermifilse.
1686 4063 1825 4177 Atque
1856 4069 1942 4148 uti··
2025 4063 2030 4070 ’

592 4225 680 4282 nam
704 4225 751 4282 ea
771 4195 872 4282 olim
896 4195 1056 4282 daretur
1083 4197 1273 4300 occafio,
1303 4197 1384 4308 qud
1406 4198 1447 4283 id
1466 4203 1508 4285 in
1529 4227 1760 4286 ceterarum
1778 4207 1936 4286 aetaturir

591 4335 812 4423 Codicibus
826 4339 1087 4456 praestaretur,
1112 4334 1223 4446 quod
1245 4339 1285 4417 in
1304 4335 1385 4419 hoc
1405 4336 1526 4422 hodie
1547 4340 1728 4452 praestiti5
1754 4365 1801 4424 ut
1820 4339 1936 4429 vide·-

592 4470 709 4575 licet,
723 4459 1062 4582 quemadmodum
1088 4467 1255 4580 hujusce
1289 4472 1409 4553 nostri
1439 4471 1790 4562 Terminationum
1806 4478 1934 4595 srgna,

590 4609 752 4729 proprii
780 4639 902 4694 manu
925 4609 1149 4715 delineata,
1175 4613 1240 4694 aeri
1261 4609 1468 4698 incidenda
1490 4620 1628 4704 curavi
1640 4678 1656 4724 ,
1684 4622 1739 4706 stc
1764 4627 1807 4708 dt
1831 4618 1933 4704 alio·

589 4779 678 4838 rum
703 4749 1028 4838 Terminariones
1055 4749 1236 4862 expreffae
1260 4749 1592 4869 depingerentur,
1611 4757 1775 4870 hocque
1804 4747 1930 4840 rno'do

1591 4890 1900 5005 Palaeogruphz'a
1915 4955 1932 4998 ,
