4536 6022
513 1307 532 1352 Ι

574 649 704 760 lxxxij
879 647 1535 738 P·R.0LEGOMEN
1567 647 1636 738 A..

735 1097 738 1104 Ι
872 983 1254 1107 Ι8ΕΕ3ΤΙΟ
1323 980 1599 1066 NONA.

852 1169 923 1253 De
949 1165 1208 1275 Merrplrast
1225 1165 1420 1282 prostrr'cd
1445 1128 1627 1251 llomeri.

625 1396 694 1482 'Ad
717 1393 874 1482 calcem
890 1398 1011 1480 nostri
1026 1394 1241 1480 Homerici
1255 1393 1402 1482 Lexici
1418 1393 1664 1504 adjecimus,
1691 1381 1925 1506 speciminis

570 1534 714 1634 cauus,
741 1534 905 1620 alterius
926 1536 1097 1645 operis,
1133 1535 1181 1620 ad
1205 1535 1434 1620 Homerum
1463 1561 1629 1647 quoque
1656 1524 1921 1644 pertinentiaj

569 1699 721 1788 partem
736 1701 818 1756 non
834 1669 1190 1777 contemnendam,
1204 1669 1360 1758 scilicet
1368 1729 1383 1769 ,
1397 1671 1560 1755 tertium
1576 1665 1710 1750 Iliadis
1725 1661 1923 1748 Librum»

571 1809 705 1896 soluti
732 1789 914 1897 oratione
951 1809 1092 1895 Greci
1131 1811 1409 1912 conuersum,
1446 1838 1470 1893 e
1506 1804 1664 1894 duobus
1692 1796 1924 1888 'Codicibus

571 1948 750 2060 Regiis3
783 1977 958 2058 quorum
987 1946 1125 2048 alter,
1154 1976 1322 2031 numero
1359 1947 1487 2059 2766.
1515 1947 1710 2057 integram
1744 1933 1924 2024 Homeri

573 2083 742 2169 Iliadem
770 2086 987 2186 eontinet,
1021 2083 1098 2168 uni
1126 2113 1220 2168 cum
1257 2082 1501 2193 Metaphrasr
1532 2076 1720 2165 Prosaici
1742 2136 1758 2181 ‚
1778 2072 1922 2158 rubris

574 2218 717 2302 litteris
745 2217 793 2301 ad
821 2216 926 2300 letus
949 2217 1173 2334 adscripti,
1203 2221 1245 2301 in
1269 2246 1407 2301 omnes
1431 2216 1598 2326 hujusce
1625 2213 1827 2298 Poematis
1849 2210 1922 2295 Li·

572 2355 697 2462 bros,
740 2357 767 2440 st
801 2355 1034 2441 vicesrmum
1068 2382 1255 2467 quartum
1300 2357 1520 2472 exceperis.
1572 2352 1721 2437 Addita
1758 2352 1847 2436 sunt
1876 2355 1919 2434 st

572 2492 763 2596 Scholia,
786 2521 960 2602 quorum
987 2495 1125 2577 auslor
1139 2490 1353 2606 aliquando
1384 2490 1609 2602 Didymum
1636 2489 1839 2574 exscribit.
1861 2488 1922 2572 ·1rr

572 2628 714 2738 quibus
737 2651 870 2710 tamen
900 2655 984 2710 non
1013 2655 1140 2742 pauca
1176 2653 1400 2712 occurrunt
1425 2655 1448 2712 a
1474 2629 1626 2711 caeteris
1653 2627 1828 2710 Ho'meri
1851 2626 1922 2710 In·
2026 2691 2030 2700 .

570 2761 810 2880 terpretibus
835 2763 973 2847 omilsa
986 2823 1001 2869 ‚
1028 2795 1103 2850 nec
1126 2765 1449 2869 contemnenda,
1469 2768 1509 2848 in
1529 2766 1577 2847 iia
1597 2764 1923 2873 praesertimque

571 2903 619 2986 ad
653 2903 967 2986 Grammaticam
1005 2904 1221 3013 pertinent.
1265 2881 1462 2983 Veterum
1502 2905 1607 2984 eninr
1643 2899 1926 3000 Criticorum,

571 3039 817 3142 Aristarchi,
844 3033 1037 3140 Dioclis,
1063 3035 1278 3147 Dionysi,
1301 3035 1420 3118 Caffii
1430 3095 1445 3140 ,
1472 3034 1725 3147 aliorumque
1737 3040 1918 3124 testimo·

572 3179 945 3286 niisnonnunquam
972 3175 1113 3256 utitur.
1144 3174 1356 3257 Praefixum
1381 3177 1434 3255 est
1449 3173 1563 3257 Iliadi
1581 3159 1734 3288 aliquid
1750 3177 1800 3260 de
1818 3175 1921 3264 belli

572 3313 743 3424 Trojani
774 3313 935 3428 origine
958 3320 1001 3397 &
1024 3307 1171 3414 causi,
1207 3335 1325 3420 atque
1351 3337 1396 3394 ea
1423 3313 1595 3395 Homeri
1625 3314 1707 3398 vita
1733 3347 1817 3427 quae
1843 3315 1920 3403 sub'

573 3443 782 3540 Herodoti
805 3453 967 3534 nomine
998 3447 1100 3536 salso
1124 3448 1420 3536 circumfertur.
1462 3449 1573 3537 Huic
1590 3453 1752 3565 quidem
1769 3452 1918 3540 Codici

571 3591 690 3708 nullae
717 3591 900 3714 inspersae
923 3591 1022 3674 ¹sunt
1053 3587 1199 3674 Glossae
1235 3590 1509 3678 interlineares
1541 3621 1554 3691 3
1591 3620 1754 3680 atvero
1783 3595 1884 3679 alter
1899 3619 1920 3701 ,‘

572 3715 742 3833 numero
773 3713 901 3843 2684.
932 3734 1129 3846 integram
1151 3731 1269 3824 habet
1286 3733 1460 3818 Homeri
1479 3733 1674 3838 iliadem,
1703 3763 1797 3818 curn
1822 3735 1923 3818 Me·
1981 3737 1983 3744 ’

570 3869 941 3988 taphrastprosaicai
970 3869 1017 3955 ad
1046 3869 1145 3957 latus
1171 3870 1380 3984 adjunsli,
1409 3872 1555 3956 litteris
1568 3930 1583 3976 ,
1604 3899 1649 3956 ut
1666 3870 1925 3989 plurimum

572 4008 730 4114 rubris,
761 4033 801 4094 at
828 4010 913 4093 sere
932 4008 1132 4094 deletis&
1147 4010 1294 4094 oculos
1319 4006 1565 4124 fugientibus
1582 4010 1772 4117 exarati,
1795 4011 1918 4124 idque

572 4148 759 4233 duntaxat
784 4151 826 4230 in
857 4145 1110 4256 secundum,
1130 4147 1294 4228 tertium
1312 4155 1354 4229 &
1373 4174 1557 4257 quartum
1574 4147 1741 4259 Librum
1766 4207 1781 4252 ‚
1813 4151 1917 4233 acin

570 4289 699 4397 quinti
720 4285 891 4368 initium.
918 4281 1024 4364 Nam
1043 4281 1271 4395 in'p‘rimum
1285 4337 1299 4377 ,
1314 4309 1362 4362 ac
1378 4283 1418 4360 in
1441 4307 1603 4365 caeteros
1631 4309 1799 4389 omnes,
1817 4281 1919 4368 nihil

571 4416 679 4503 aliud
698 4423 765 4500 nist
788 4415 922 4530 glossae
938 4415 1244 4521 interlineares,
1261 4424 1300 4500 δι
1328 4414 1741 4526 Scholiaadjaccntia.
1766 4423 1919 4536 Neque

571 4561 675 4642 enim
698 4582 849 4641 temere
879 4555 1081 4671 exemplar
1109 4556 1287 4641 Homeri
1315 4582 1431 4641 uetus
1457 4562 1645 4675 reperiri,
1665 4563 1734 4662 cui,
1751 4563 1917 4648 Scholia

570 4725 653 4783 non
677 4699 748 4780 smt
770 4695 1033 4810 interposita,
1074 4697 1178 4777 resse
1210 4701 1250 4779 in
1277 4694 1561 4784 Dissertatione
1596 4700 1645 4785 de
1676 4701 1851 4784 Scholiis
1874 4703 1916 4788 in

572 4834 802 4921 Homerum
830 4833 1014 4940 ineditis,
1044 4865 1083 4948 p.
1121 4833 1214 4924 106.
1243 4831 1427 4920 observat
1457 4835 1563 4920 Clar.
1588 4836 1881 4926 ¹Valckenarius
1896 4865 1916 4950 ,¹
