4516 6016
609 587 712 700 nm
901 581 1650 718 ruorrcourun

609 744 744 854 allusrt
756 765 774 852 ς
808 747 1134 865 investigaremus
1163 758 1207 834 bt
1245 735 1551 836 indicaremus:
1578 747 1685 836 unde
1714 774 1858 864 magna
1882 745 1955 832 lux

608 893 653 973 δι
671 889 713 970 in
733 883 950 973 Auilorem
977 885 1220 1003 explicatum
1233 894 1302 993 ,ec
1324 888 1367 973 in
1387 888 1596 1003 ipsammet
1619 885 1956 1004 explicationem,
2106 915 2113 922 ·

608 1023 845 1110 1efunditur.
862 1025 931 1113 Sic
947 1049 1104 1142 contra,
1120 1054 1215 1109 cum
1228 1023 1375 1115 Janum
1389 1025 1648 1141 Rutgerstunr
1660 1024 1806 1112 lateret
1821 1083 1836 1130 ‚
1850 1051 1953 1136 quos

606 1161 658 1250 ad
672 1165 807 1251 fontes
821 1161 1070 1248 referendum
1090 1161 1209 1267 ell'et,
1233 1163 1345 1278 quod
1365 1166 1518 1281 primus
1538 1166 1581 1252 in
1599 1166 1680 1252 suis
1693 1165 1845 1253 Variis
1863 1159 1953 1251 vul·
2038 1177 2040 1184 ’

600 1303 717 1418 gavit
740 1301 990 1386 Lectionibus
1017 1279 1262 1385 Glollarium
1279 1301 1421 1408 „hine
1451 1310 1494 1389 ὅ(
1519 1304 1715 1419 praecipua
1742 1300 1851 1386 illius
1873 1299 1951 1384 uti·

602 1437 694 1526 litas
723 1436 833 1525 Clar.
865 1436 1076 1524 Editorem
1108 1439 1252 1554 fugin
1283 1468 1362 1526 nec
1393 1436 1498 1525 illud
1536 1442 1695 1558 penitus
1736 1435 1948 1526 emendare

600 1579 737 1696 potuit
756 1573 829 1660 ille
855 1577 919 1664 vir
943 1573 1200 1664 douiffimus.
1235 1577 1366 1690 Quod
1391 1579 1526 1695 postea
1554 1575 1716 1664 felicius
1743 1573 1943 1688 adgressus
2011 1594 2015 1600 ’

601 1717 656 1799 est
674 1714 709 1798 F
710 1714 903 1802 ridericus
926 1715 1138 1816 Strunziue
1150 1774 1165 1819 ,
1181 1716 1385 1830 postquam
1409 1739 1665 1832 compertum
1680 1707 1818 1802 habuit
1834 1709 1944 1814 ,boc

580 1835 844 1936 ¹Glollatium
871 1849 1071 1959 ejusmodi
1087 1877 1248 1962 ‚tantum
1274 1853 1477 1964 explicare
1501 1850 1737 1956 vocabula,
1775 1877 1863 1960 quae
1889 1872 1943 1930 ex

595 1971 770 2109 Oppiani
791 1987 1122 2073 Halieuticorum
1148 1985 1259 2074 libris
1285 1979 1522 2104 deprompta
1540 1991 1624 2078 lint.

397 2125 573 2273 fflfflpi
650 2128 981 2233 Praeterea‚eum
1011 2119 1259 2244 Apollonius
1286 2126 1420 2244 pallrm
1443 2125 1638 2244 plurimos
1663 2125 1815 2214 adferat
1844 2121 1937 2212 Ho-

399 2283 506 2354 norati.
523 2231 538 2272 ⁸
557 2241 576 2259 ⁶
590 2271 694 2384 meri
719 2268 885 2374 verius,
912 2268 992 2368 hoc
1010 2295 1151 2352 omnes
1169 2266 1250 2350 suis
1272 2263 1468 2379 allegatos
1489 2267 1595 2352 locis
1621 2265 1793 2352 indicavi
1812 2325 1827 2373 ,
1853 2265 1934 2349 dis-

589 2408 719 2520 tinxit,
745 2405 934 2511 Poema,
964 2403 1112 2490 librum
1137 2403 1337 2490 Poematis
1363 2463 1376 2510 ,
1410 2434 1457 2490 ac
1478 2403 1623 2492 deinde
1645 2404 1807 2492 versum
1837 2401 1929 2488 libri

585 2544 920 2662 definiv15quod
952 2573 1152 2656 nunquam
1186 2544 1274 2629 fere
1315 2538 1656 2660 abrnpollonio,
1692 2567 1738 2627 ut
1765 2571 1841 2628 nec
1877 2537 1925 2624 ab

581 2684 673 2782 aliis
698 2685 909 2796 praestitum
938 2681 1068 2776 fuerat
1096 2683 1392 2769 Grammaticis.
1419 2681 1473 2768 Et
1497 2685 1537 2766 in
1561 2685 1641 2768 hoc
1666 2682 1829 2794 quidem
1845 2711 1926 2770 non

580 2849 722 2936 parum
749 2821 942 2932 temporis
968 2828 1010 2902 ὁ(
1039 2849 1172 2933 operae
1192 2822 1291 2904 mihi
1309 2817 1594 2906 insumendum
1614 2821 1705 2906 fuit.
1728 2821 1862 2924 Nam,
1878 2845 1925 2906 ut

538 3052 542 3062 ,
578 2956 632 3046 ad
655 2957 923 3039 Wetstenium
946 2948 1146 3034 scribebat
1166 2955 1387 3058 Suicetus,
1412 2955 1542 3038 multa
1560 2956 1660 3038 Hes.
1683 2963 1754 3059 (at
1774 2983 1922 3064 quanto

576 3087 696 3212 plura
718 3089 944 3208 Apollon.)
979 3113 1032 3173 ex
1057 3087 1247 3184 Homero
1277 3087 1432 3192 habet,
1460 3115 1548 3200 q-uae
1583 3117 1729 3202 magno
1757 3089 1922 3178 subinde
1979 3099 1983 3108 '

577 3233 718 3320 labore
741 3240 783 3317 ot
805 3259 901 3315 cum
919 3228 1116 3344 temporis
1135 3223 1345 3339 dispendio
1367 3225 1577 3334 querenda
1597 3227 1700 3314 sunt.
1723 3230 1777 3313 Et
1792 3233 1918 3339 reue,

573 3398 621 3460 ut
644 3373 807 3476 omnia,
832 3363 1014 3450 observat
1040 3363 1227 3477 egregius
1253 3359 1430 3446 Criticus
1444 3420 1459 3466 ,
1487 3360 1637 3450 Daniel
1663 3366 1918 3476 Wyttemba·

563 3511 716 3618 chius,
746 3509 790 3590 in
818 3497 1075 3594 eruditissimb
1105 3495 1283 3610 Epistola
1320 3495 1475 3583 critica
1507 3497 1559 3584 ad
1592 3501 1912 3615 Ruhnkenium‚

526 3663 529 3668 ’
568 3681 612 3774 p.
636 3675 704 3747 29.
733 3641 977 3727 Homericae
1002 3638 1123 3723 etiam
1148 3631 1360 3721 allusiones
1387 3635 1629 3725 docliffimos
1648 3643 1759 3729 viros
1789 3643 1913 3731 latere

495 3847 499 3854 .
564 3783 679 3902 poste
698 3812 711 3884 3
731 3805 781 3880 lut
810 3788 852 3868 bt
880 3775 1031 3870 latuisse
1057 3773 1256 3890 saepiffrme
1290 3771 1554 3888 Sylburgium
1582 3781 1625 3862 in
1652 3780 1909 3897 Etymologo

545 3923 722 4042 „Magno
748 3981 764 4028 ‚
795 3927 840 4006 δι
874 3917 1088 4035 ipsummet
1126 3909 1239 4002 Clar.
1282 3913 1459 4018 Alberti,
1505 3913 1608 4033 apud
1642 3917 1911 4035 Apollonium

561 4091 646 4158 non
666 4057 794 4148 semel
822 4055 1112 4142 adnotavimus.
1152 4053 1277 4139 Neve
1303 4054 1397 4164 quis
1424 4053 1530 4141 dicat
1561 4055 1644 4140 boc
1666 4086 1741 4142 nos
1767 4055 1909 4145 labore

538 4291 542 4298 ,
555 4197 683 4304 facile
719 4195 885 4310 defungi
925 4191 1096 4311 potuisse
1129 4217 1209 4305 ope
1241 4187 1400 4274 Indicis
1437 4191 1654 4287 Homerici
1689 4183 1937 4312 Wolfangi'

553 4337 747 4436 &berit
789 4361 912 4446 quem
944 4333 1076 4444 primo
1112 4325 1278 4438 quidem
1306 4321 1439 4412 vnemo
1488 4332 1544 4412 est
1592 4333 1689 4443 quin
1727 4331 1902 4447 videat,

555 4502 678 4608 ,quam
705 4470 834 4554 multa
857 4463 1179 4583 praerniserit,
1198 4486 1299 4574 quot
1319 4463 1361 4546 in
1388 4461 1491 4551 locis
1519 4465 1705 4576 deficiat,
1723 4501 1901 4600 assfluae-

553 4614 726 4706 rentium
741 4608 968 4723 patientiam
984 4604 1053 4688 diu
1068 4600 1254 4716 defeilam
1275 4597 1436 4702 eludat3
1459 4602 1634 4713 deinde,
1649 4639 1744 4698 cum
1759 4597 1898 4704 uersus

550 4750 768 4854 Homerici
791 4743 842 4832 ab
861 4725 1097 4862 'Apollonio
1128 4737 1242 4829 allati
1272 4743 1329 4832 ita
1362 4741 1561 4842 interdum
1596 4749 1671 4838 smt
1704 4751 1815 4837 foede
1848 4781 1895 4835 ac

1721 4890 1893 4998 turpiter
