4516 6016
386 1956 560 2114 1)Ιῖἕῇἳῖ

384 2115 497 2194 μοᾱιίοζ

393 3201 485 3268 Prima
495 3225 555 3272 vox

382 3281 545 3358 majusculis

380 3359 553 3428 Lutetiae!-

380 3443 481 3514 preiia.

520 3603 524 3612 ι

581 545 655 662 un
849 539 1599 652 Pnonnnomnun.
1750 569 1756 578 ·

582 716 625 799 in
646 724 1027 810 contexturetinuit
1046 723 1248 838 vulgatam
1280 722 1522 825 lediionem,
1545 728 1652 835 (ego
1675 733 1776 804 vero
1802 731 1923 826 quam

583 853 625 936 in
647 854 805 943 Codice
831 862 1012 949 nondum
1042 865 1210 976 vulgato
1240 863 1405 979 reperi,
1435 857 1666 962 eiuaunice
1689 883 1808 942 tenax
1835 853 1921 958 fui)

583 995 651 1077 nisa
670 998 711 1080 in
736 1002 879 1114 apertis
902 1004 1038 1107 vitiis,
1066 1029 1134 1086 aut
1162 999 1230 1086 ubi
1251 1027 1362 1088 certa
1391 999 1482 1084 satis
1511 1024 1594 1084 erat
1620 995 1853 1095 correano,
1880 996 1925 1078 dt

582 1131 649 1216 vel
669 1136 875 1222 statumen
896 1141 1093 1254 pristinam
1119 1138 1331 1224 lediionem
1359 1139 1523 1224 inferius
1550 1134 1756 1254 praepoi'uit
1785 1132 1920 1235 notis,

582 1297 632 1353 ne
649 1269 809 1384 fugeret
823 1275 1052 1361 Ledorem.
1085 1279 1213 1390 Quod
1233 1280 1488 1364 &imitatum
1511 1277 1554 1361 se
1575 1275 1788 1392 profitetur
1803 1266 1924 1356 Clar-

580 1403 861 1515 Ruhnkenius,
878 1416 918 1496 in
934 1411 1086 1502 Praefat.
1097 1414 1260 1503 secund.
1273 1413 1360 1504 vol.
1375 1415 1477 1524 Hes.
1495 1443 1615 1526 quem
1630 1411 1770 1506 edidit3
1785 1417 1825 1494 δι
1839 1410 1925 1492 hoe

579 1543 745 1654 quidem
767 1547 852 1663 ipse
878 1551 1029 1676 semper
1054 1553 1140 1636 fere
1161 1557 1316 1664 praestiti
1330 1614 1344 1658 ,
1375 1555 1443 1638 nili
1476 1557 1518 1636 in
1547 1551 1700 1635 mendis
1729 1578 1814 1658 quae
1840 1573 1924 1632 tana

578 1680 783 1774 manifesta
794 1689 941 1793 offen,
957 1685 1003 1775 ut
1030 1692 1098 1777 vel
1123 1690 1170 1776 ab
1200 1695 1364 1778 homine
1389 1691 1499 1776 hisce
1526 1693 1568 1776 in
1591 1689 1735 1774 littetis
1758 1685 1925 1804 prorsus

577 1813 736 1926 hospite
760 1850 807 1904 ac
831 1831 1044 1938 peregrino
1073 1829 1193 1954 facille
1217 1830 1351 1938 detegi
1372 1805 1540 1940 nuffent.

634 1954 705 2038 Ad
724 1955 902 2064 ejusdem
926 1961 1035 2047 Clau.
1061 1965 1220 2048 Aiberti
1241 1965 1482 2076 exemplum·
1495 1990 1561 2044 me
1577 1960 1739 2074 prorsus
1759 1985 1925 2070 quoque

580 2093 826 2202 composui,
859 2069 955 2178 dum
989 2099 1042 2181 ita
1070 2096 1376 2212 imprimendum
1414 2098 1552 2182 curavi
1578 2120 1816 2179 contextum
1843 2121 1922 2198 ut,

577 2223 916 2341 quemadmodum
930 2236 969 2317 in
986 2235 1069 2343 ejus
1085 2235 1297 2349 Hesychia
1314 2294 1327 2338 ‚
1353 2235 1405 2318 sac
1421 2243 1461 2319 δι
1477 2237 1520 2317 in
1531 2237 1665 2318 nostto
1677 2232 1925 2350 Apollonio,-

575 2363 718 2477 ssnguli
740 2369 967 2486 separentur
988 2371 1173 2478 articuli»,
1196 2371 1604 2484 nuwmqueueasum
1618 2373 1834 2469 inchoent3
1853 2380 1921 2476 dt,
1997 2455 1999 2458 ,

574 2506 603 2589 sa
634 2507 792 2616 quando
819 2537 886 2593 aut
912 2540 1112 2616 carmen,
1140 2537 1209 2598 aut
1231 2513 1552 2616 hemistichium,
1580 2515 1623 2594 in
1638 2537 1835 2596 contextu
1847 2537 1920 2593 oc·

575 2666 711 2728 currat
720 2704 735 2749 ,
767 2648 822 2732 ita
845 2647 1124 2732 excudendum
1140 2650 1226 2756 juffi
1241 2711 1254 2752 ,
1270 2676 1313 2733 ut
1339 2681 1362 2733 a
1382 2649 1543 2762 reliquo
1557 2676 1753 2734 contextu
1768 2647 1921 2732 discet.-

573 2807 711 2884 natur,
739 2784 866 2865 immo
890 2794 931 2868 ὁ(
957 2789 1141 2870 versiculi
1171 2787 1309 2872 absens
1332 2783 1489 2871 initium
1522 2789 1673 2870 lineola
1699 2787 1822 2872 index
1847 2789 1921 2869 im·

574 2919 743 3001 mediate
767 2921 1001 3038 pra-posita,
1023 2947 1092 3008 aut
1114 2923 1234 3005 finem
1251 2921 1706 3025 omilium,immediate
1721 2920 1917 3031 subiende,

573 3081 773 3170 argueret.
1680 3153 1685 3160 ,

602 3175 604 3180 ’
632 3193 745 3302 Quin
763 3202 804 3277 dt
819 3253 832 3296 ‚
846 3192 957 3306 quod
977 3194 1017 3276 in
1044 3191 1351 3308 praestantissimis
1372 3189 1592 3298 Hesy'chii‚
1606 3192 1758 3296 Suidae,
1777 3221 1824 3279 ac
1840 3223 1914 3281 cae·

574 3352 785 3430 terorum,
814 3355 1071 3448 praeterquam
1087 3328 1257 3411 Thomae
1271 3327 1450 3440 Magistri
1467 3385 1482 3428 ,
1509 3325 1915 3448 Lexicographorum

571 3465 824 3552 Editionibus
838 3471 1004 3574 merito,
1019 3467 1058 3549 in
1073 3491 1186 3578 parte
1203 3463 1534 3581 Typographici,
1551 3465 1759 3552 defiderari
1776 3473 1914 3584 poisat,

572 3610 709 3691 curavi
730 3634 775 3690 ut
795 3605 1109 3718 uniuscujusque
1131 3603 1290 3690 articuli
1308 3605 1434 3720 prima
1457 3632 1563 3709 vox,
1589 3605 1745 3690 scilicet
1758 3607 1915 3695 Home-

570 3745 682 3848 rica,
698 3742 955 3852 majusculis,
971 3773 1066 3856 quas
1093 3769 1257 3846 vocant,
1274 3742 1420 3826 litteris
1435 3729 1704 3856 defignaretur
1719 3775 1766 3832 ac
1785 3747 1916 3834 distin·
1992 3721 2002 3738 ⁸
2065 3821 2068 3826 .

571 3905 762 3992 gueretur
792 3911 814 3966 a
841 3882 1019 3995 sequenti
1077 3913 1122 3988 a,
1143 3879 1292 3996 quibua.
1308 3879 1533 3966 Homerica
1561 3881 1759 3968 vocabula
1782 3888 1916 3974 verbis

571 4018 785 4133 Apollonii
812 4020 939 4108 diluci
1014 4048 1096 4106 tur.
1141 4021 1266 4132 Quod
1290 4021 1390 4104 mihi
1416 4017 1465 4105 ad
1488 4001 1764 4110 confufidnem
1793 4030 1917 4111 vitan-

571 4158 660 4242 dam
682 4162 724 4245 in
754 4189 804 4245 eo
830 4161 989 4246 Lexico
1005 4189 1195 4279 perquam
1212 4159 1472 4245 neceffarium
1487 4161 1646 4248 videtur
1661 4161 1774 4274 quod
1789 4187 1944 4264 voces,x

571 4300 734 4384 Graecas
745 4293 833 4387 aliis
847 4302 1016 4388 vocibus
1025 4303 1178 4386 Graecis
1195 4297 1506 4416 interpaetandaa
1515 4297 1686 4414 suscepit
1700 4325 1769 4397 aue
1784 4301 1836 4386 fic
1846 4331 1916 4390 ex·

570 4435 735 4554 plicatio
764 4413 821 4518 ab¹
840 4445 885 4523 iis
906 4469 991 4551 quae
1009 4441 1259 4559 explicantur
1285 4438 1453 4521 discerni
1469 4435 1600 4551 poffit.
1632 4433 1735 4541 Sed,
1757 4467 1851 4524 cum
1876 4444 1916 4530 in
2014 4541 2023 4552 a

570 4575 773 4690 plerisque
801 4571 911 4658 libris
934 4579 1090 4662 Graecis
1110 4579 1251 4664 littera
1266 4575 1490 4685 majuscula
1507 4576 1662 4662 soleant
1687 4577 1916 4670 accentibus

571 4711 752 4812 destitui3
771 4720 783 4816 (
799 4707 945 4821 quibua
955 4739 1092 4814 tamen
1112 4741 1249 4800 careae
1262 4715 1345 4798 nnn
1358 4715 1474 4828 poffit
1488 4717 1570 4800 hoc
1589 4744 1692 4828 opus
1706 4773 1722 4820 ‚
1738 4713 1846 4826 quod
1862 4713 1911 4802 ad
