4516 6016
638 623 1396 715 enoneoonnuu
1670 609 1701 722 b

355 771 522 872 Barthio
539 779 715 900 loquar,
738 789 943 899 Interprer
963 791 1036 874 ille
1054 793 1265 901 capietur,
1281 796 1372 876 loco
1384 785 1551 873 Homeri
1565 811 1702 870 coram

340 919 445 1037 fitis
457 923 604 1037 Gloffis
616 920 1164 1027 videbuntur,rbendainhoc
1179 929 1338 1014 rudore
1350 955 1435 1014 non
1446 921 1704 1010 librariorum

245 1051 263 1066 ”
357 1060 605 1184 negligendi
617 1066 819 1150 contrado
830 1122 846 1164 ,
870 1091 940 1150 aut
961 1063 1332 1182 Typographonnn
1348 1125 1362 1172 ,
1377 1064 1447 1152 sed
1468 1078 1703 1156 obtundo.

360 1203 616 1315 corrigentur
640 1211 683 1286 dt
707 1206 750 1316 in
771 1202 977 1322 spongiam
1002 1207 1062 1289 ire
1085 1200 1358 1312 jubebuntur,
1386 1233 1476 1287 curn
1501 1202 1706 1312 adipsum

358 1333 576 1449 Apollonii
597 1338 782 1446 sontem,
812 1365 865 1425 ex
884 1369 968 1453 quo
997 1337 1237 1447 dulciores,
1267 1341 1453 1452 puriores
1482 1347 1525 1425 dt
1583 1367 1714 1453 copo-

359 1471 483 1558 fiores
496 1477 734 1564 hauriuntur
749 1509 859 1595 aquae
870 1536 886 1584 ,
914 1507 1125 1566 recurrere
1141 1477 1282 1565 licebit
1307 1507 1320 1578 ς
1351 1507 1513 1564 cumea
1532 1503 1619 1592 quc
1641 1503 1708 1562 ex·

359 1607 545 1700 secuit&
562 1619 692 1702 omisit
712 1617 997 1734 Epitomatot,
1020 1617 1171 1703 restitui
1195 1625 1238 1704 bt
1261 1615 1418 1734 expleri
1437 1640 1628 1732 poterunt
1656 1639 1710 1698 ex
1858 1735 1865 1748 Ι

359 1745 440 1830 hoc
470 1755 605 1838 nostro
633 1754 842 1860 Audore,
867 1784 992 1869 quem
1029 1787 1052 1842 a
1089 1758 1216 1873 capite
1246 1755 1298 1840 ad
1327 1753 1484 1841 calcem
1510 1753 1713 1868 descripstt

359 1881 464 1969 Hes.
479 1898 522 1972 bt
537 1893 673 1999 inquo
687 1891 757 1970 illa
778 1894 1004 1972 Homerica
1019 1918 1239 1974 occurrunt
1254 1893 1459 2005 exempla,
1474 1921 1560 2003 qure
1580 1894 1648 1975 hic
1661 1889 1711 1974 ab

360 2019 563 2137 Apollon.
581 2047 783 2110 mutuatus
805 2022 877 2108 fibi
899 2027 1062 2142 propria
1082 2027 1235 2111 fecerat
1259 2034 1302 2112 dc
1322 2027 1365 2111 in
1387 2026 1483 2112 suos
1507 2026 1602 2112 usuc
1619 2055 1717 2112 con·

357 2183 571 2265 verterat,
610 2160 680 2289 sed
713 2191 799 2273 φιτ
835 2163 873 2244 ei
905 2159 1051 2248 invidit
1081 2191 1221 2248 manus
1250 2189 1372 2278 quam
1398 2159 1607 2249 crudelem
1633 2165 1716 2248 huc

361 2297 489 2408 usque
507 2295 622 2384 senstt
643 2292 891 2414 Respublica
913 2299 1156 2408 Litteraria,
1170 2331 1255 2415 φιτ
1268 2329 1377 2390 nunc
1400 2303 1536 2413 nostro
1553 2299 1714 2386 Lexico

363 2435 446 2518 hoc
467 2436 655 2522 damnum
676 2421 811 2524 levore
826 2441 984 2554 potest,
1015 2448 1058 2526 dt
1086 2438 1363 2531 eluere.labes
1389 2441 1581 2527 facinoris
1602 2435 1714 2550 quod

363 2573 606 2688 inexpiabile
630 2581 778 2663 merito
806 2577 878 2664 sud
904 2603 1019 2664 aetate
1041 2606 1261 2666 vocaverat
1280 2579 1482 2662 Barthius.

241 2799 249 2806 ,
419 2711 674 2798 Douiffimus
701 2724 742 2799 dt
772 2742 978 2826 nunquam
1004 2715 1096 2798 satis
1122 2710 1338 2798 laudandus
1358 2707 1651 2813 Ruhnkenius,
1673 2710 1715 2793 in
1733 2727 1906 2796 redinunt
2045 2759 2046 2764 ι

358 2845 511 2936 Profat.
529 2879 568 2931 2.
582 2848 670 2934 vol.
685 2849 786 2935 Hes.
796 2879 879 2934 non
889 2849 1027 2936 dicere
1044 2873 1210 2936 veretur
1227 2906 1242 2954 ,
1260 2851 1510 2934 constantem
1530 2849 1713 2932 virorum
1732 2805 1905 2966 ,ffimfflss

361 2984 574 3070 donorum
596 2983 709 3070 luisse
724 2985 955 3100 opinionem
971 3043 987 3091 ,
1002 2986 1185 3071 nonelse
1208 2985 1308 3072 Hes.
1337 2985 1523 3072 Lexicon
1545 3042 1561 3090 ,
1591 2980 1711 3096 quale
1731 2969 1902 3112 {iffi-⁸22¹?

362 3153 470 3210 nunc
497 3123 698 3238 superest,
715 3121 798 3206 tale
818 3120 938 3230 quale
965 3121 1067 3205 olim
1083 3121 1132 3204 ab
1151 3120 1236 3226 ejus
1262 3153 1383 3206 manu
1396 3124 1622 3236 prosedlum
1642 3125 1708 3226 srt,
1727 3125 1754 3264 sp
1781 3149 1868 3268 '11⁶¹

282 3259 285 3264 ’
363 3259 431 3344 sed
454 3257 501 3342 ab
529 3254 874 3372 Epitomatoribuo
898 3257 1148 3339 contrabium
1168 3258 1246 3339 esse
1271 3265 1313 3343 bt
1335 3255 1595 3364 mutilatum,
1612 3288 1636 3343 a
1655 3256 1706 3342 li·
1724 3223 1873 3354 albuli}

360 3396 501 3484 brariis
516 3395 727 3483 soedlffime
742 3417 1007 3510 corruptum,
1026 3391 1202 3480 asciolir
1220 3393 1393 3509 denique
1415 3394 1566 3481 nullius
1588 3398 1707 3510 pretii
1723 3377 1778 3426 ω’

360 3535 499 3656 glossis
525 3532 822 3652 interpolatum.
859 3532 913 3618 Et
937 3530 1090 3619 laetatur
1116 3533 1199 3643 se,
1224 3565 1344 3648 quam
1372 3533 1552 3622 diversus
1581 3535 1705 3620 fiterio

357 3703 482 3763 verus
521 3685 564 3763 bt
594 3678 752 3788 integer
781 3671 884 3759 Hes.
912 3677 1201 3781 aconttadlo,
1226 3672 1439 3776 lacerato,
1470 3674 1705 3790 depravato-

301 3823 309 3852 ·
354 3845 439 3934 que
450 3876 465 3924 ,
482 3815 575 3900 luce
589 3808 1017 3899 clariusdentonstrare
1032 3813 1164 3922 polle,
1179 3811 1337 3906 scilicet
1351 3809 1539 3928 exemplo
1554 3811 1703 3896 Lexici

355 3953 566 4065 cujusdam
595 3950 821 4036 Rhetorici
852 3949 933 4034 Ms.
955 3950 1327 4063 sangermanensis,
1357 3950 1474 4063 cujus
1496 3950 1700 4063 specimen

357 4091 473 4178 dedit
491 4087 825 4175 Montfauco'nius
847 4085 960 4170 Bidl.
980 4089 1148 4200 Coiflin.
1169 4121 1210 4206 p.
1231 4121 1331 4202 491·
1345 4083 1576 4203 interpolati
1595 4081 1699 4172 Hes.

354 4227 520 4346 gloffie,
542 4253 624 4315 non
637 4283 654 4327 ,
666 4251 711 4310 ut
722 4223 845 4333 dicit,
860 4226 1062 4334 truncati,
1078 4231 1211 4315 mutili
1223 4288 1239 4334 ,
1252 4228 1464 4342 corrupti,
1486 4253 1570 4338 quo
1588 4249 1698 4309 nunc

353 4368 537 4454 melioris
557 4365 792 4454 desiderium
812 4366 1027 4475 levamus,
1045 4365 1114 4452 sed
1127 4369 1303 4482 integri,
1326 4363 1496 4464 illibati,
1519 4369 1562 4445 ὅ(
1582 4363 1696 4451 omni

351 4501 450 4590 labe
467 4510 636 4590 ctrcnt'ss
663 4537 678 4603 3
713 4533 833 4616 atque
867 4506 1038 4590 affirmet
1063 4503 1153 4580 illut
1183 4500 1370 4608 glossae,
1406 4497 1435 4582 fi
1466 4495 1694 4588 crebriores

350 4639 512 4732 suilsent
523 4696 538 4744 ,
561 4667 748 4751 magnam
771 4639 877 4726 Hes.
901 4663 1054 4752 partem
1067 4631 1120 4718 ud
1143 4633 1347 4752 pristinum
1368 4635 1543 4732 nitorem
1566 4643 1609 4722 δι
1626 4637 1693 4722 in.

345 4783 584 4898 tegritotem
608 4771 728 4863 nobis
748 4797 1005 4862 revocaturos
1026 4771 1154 4870 sedile.
1183 4771 1311 4892 Quod
1324 4799 1403 4864 noo
1424 4774 1548 4862 hodie
1569 4772 1692 4864 nostri

1434 4947 1462 5031 g
1492 4947 1517 5005 c
