4516 6016
632 644 1388 742 PROLEGOMENA‘,
1457 637 1691 728 ‘'xxix

347 825 449 906 aum.
474 807 591 896 Unde
618 839 732 898 certo
755 841 914 933 apparet
927 819 971 899 in
985 814 1211 900 Homerum
1236 806 1424 927 scripsisse
1446 802 1690 918 Didymum:

344 947 456 1034 Nam
479 977 568 1060 quae
593 948 670 1034 sub
688 949 809 1060 hujus
834 956 997 1038 nomine
1025 952 1365 1037 circumferuntur
1404 941 1568 1030 Scholia
1591 999 1607 1049 ,
1643 947 1691 1026 e'a

343 1081 440 1179 luce
468 1081 614 1172 clarius
640 1089 694 1172 est
722 1113 805 1174 non
832 1093 909 1174 else
936 1087 1131 1200 Didymi,
1151 1115 1297 1201 ¹neque
1316 1114 1369 1172 ex
1402 1081 1500 1167 solis
1520 1077 1691 1190 Didymi

345 1219 688 1333 Commentariis,
714 1225 806 1330 sed,
832 1235 941 1343 (qua
962 1229 1017 1312 est
1039 1223 1197 1310 Fabric.
1218 1225 1271 1313 L.
1303 1255 1343 1308 2.
1360 1251 1397 1308 c.
1414 1251 1454 1330 3.
1470 1219 1690 1324 sententia)

347 1385 400 1442 ex
425 1359 606 1474 Didymo
641 1363 855 1477 multisque
887 1365 976 1450 aliis
1009 1383 1130 1444 amn
1167 1371 1210 1448 &t
1242 1376 1393 1460 nudare,
1428 1359 1694 1454 Aristarcho,
1818 1413 1835 1423 --

347 1497 511 1586 Cratete
522 1499 741 1616 ,aliisque,
756 1505 978 1590 abincerto
993 1499 1323 1611 autlore,multis
1338 1500 1444 1586 forte
1458 1498 1545 1613 post
1560 1495 1695 1610 Didy-

346 1663 459 1722 mum
483 1635 656 1744 seculis,
678 1638 879 1742 colledla3
904 1672 999 1729 curn
1014 1646 1056 1730 in
1070 1640 1210 1728 iisdem
1232 1636 1447 1727 laudentur
1465 1637 1696 1750 Scriptores,

344 1771 527 1886 Didymo
555 1776 735 1887 juniores
747 1837 762 1886 ,
785 1778 1057 1887 Plutarchus,
1075 1781 1254 1895 Quintus
1270 1775 1472 1880 Calaber,
1495 1771 1695 1874 Galenus,

346 1909 592 2016 Pausanias,
627 1915 878 2002 Jambllehue
908 1928 951 1996 δι
982 1919 1083 2016 alii,
1109 1949 1157 1996 ac
1188 1917 1387 2025 Didymus
1420 1910 1504 2025 ipse
1528 1914 1697 2000 nomine
1819 1987 1822 1995 .

343 2071 458 2132 tenus
485 2045 684 2160 allegetur
704 2045 752 2130 ad
770 2045 821 2134 ΙΙ.
838 2065 888 2132 Α.
903 2077 1003 2162 4⁰0·
1023 2063 1076 2132 Δ.
1093 2076 1193 2160 475.
1225 2057 1267 2134 dt
1287 2061 1338 2134 X.
1376 2054 1469 2130 126.
1496 2072 1575 2129 nec
1599 2071 1697 2156 conf

347 2204 410 2266 tra
436 2183 476 2264 in
505 2180 587 2268 illis
610 2181 787 2269 Scholiis
816 2209 953 2269 extent
979 2214 1065 2297 φιτ
1102 2213 1154 2270 ex
1181 2180 1350 2298 Didymi
1389 2183 1432 2266 in
1468 2181 1697 2267 Homerum

344 2335 477 2412 uon«
525 2320 683 2434 profert
708 2323 965 2408 Ammonius.
999 2322 1153 2409 Pariter
1179 2325 1327 2408 mirum
1350 2321 1404 2406 est
1428 2318 1697 2435 Apollonium

346 2458 476 2574 ipsum
499 2487 703 2574 nunquam
728 2458 776 2545 ab
799 2461 1005 2548 Eustathio
1034 2461 1244 2549 adduuum
1280 2459 1433 2565 fuiffe,
1469 2460 1538 2543 nist
1569 2453 1617 2542 ab
1644 2485 1696 2540 eo

275 2617 280 2624 ·
347 2597 570 2712 designatus
596 2599 720 2684 fiterit
745 2599 816 2685 sub
842 2604 1050 2686 communi
1072 2591 1179 2687 voce
1203 2615 1429 2692 racematur
1450 2627 1545 2681 cum
1562 2619 1698 2678 tamen

347 2731 543 2850 peculiari
566 2733 663 2817 notd
685 2735 981 2847 distinguendus
996 2734 1129 2819 fuiffet
1142 2735 1330 2847 egregius
1345 2730 1697 2846 Lexicographus·

345 2867 476 2952 Forte
504 2865 751 2980 Apollonius
774 2895 972 2975 nunquam
999 2871 1040 2950 in
1062 2866 1254 2950 Eustathii
1280 2895 1420 2988 munus¹
1439 2865 1613 2970 incidit,
1631 2876 1697 2972 &2'

346 3028 531 3119 tempore
555 3029 637 3114 quo
667 2997 919 3116 scripsrt'ille
946 2999 1305 3088 Thellalonicensrs
1326 3006 1696 3123 Archiepiscopus,

347 3139 392 3224 in
420 3137 555 3248 aliqud
581 3136 838 3223 Bibliotheca
868 3136 1142 3224 delitescebat.
1184 3138 1298 3241 Vel,
1322 3143 1351 3223 st
1377 3173 1471 3226 eum
1496 3147 1696 3257 cognovit

348 3276 606 3377 Eustathius,
623 3270 714 3353 satis
732 3271 799 3385 ipsi
815 3269 895 3352 fuit
908 3273 937 3352 sr
951 3271 1141 3386 ipsosmet
1152 3269 1279 3357 adiret
1294 3281 1336 3358 dt
1350 3274 1543 3362 indicaret
1560 3275 1696 3364 fontes
1756 3359 1759 3368 ,

350 3407 566 3525 exquibus
588 3407 723 3493 omnia
746 3406 813 3492 sua
835 3407 988 3523 optima
1013 3409 1139 3494 hausit
1159 3409 1306 3496 noster.
1387 3423 1390 3428 “
1419 3431 1423 3436 ·

455 3593 1572 3735 'mm

638 3853 968 3939 SECTIO
1042 3851 1409 3986 TERTIAE

507 4006 582 4099 'De
603 4015 875 4124 Scriptoribus
900 4016 971 4129 qui
1002 4015 1221 4127 Apollonii
1244 4019 1527 4162 memineruuts
1547 3987 1569 4036 ⁷

403 4240 842 4370 Contra-Apolloniun
857 4247 988 4333 noster
1014 4245 1242 4367 allegatur,
1271 4245 1453 4359 quamvis
1473 4243 1555 4329 hoc
1582 4260 1696 4328 ane*
1765 4262 1887 4362 nunqu

346 4385 455 4472 mine
479 4388 560 4469 hue
586 4385 712 4495 usque
739 4382 994 4470 observatum
1016 4385 1168 4495 fuerit,
1202 4389 1244 4472 in
1270 4379 1446 4470 Scholiis
1473 4375 1695 4466 minoribus
1713 4347 1879 4431 ⁸⁰¹¹¹²⁸⁰‘⁰⁵

344 4509 684 4630 Pseudodidymi,
706 4521 755 4608 ad
773 4519 852 4609 ou.
873 4538 920 4611 r.
949 4552 1041 4625 17⁷·
1063 4550 1170 4606 voce
1193 4533 1363 4604 vennae,
1385 4511 1455 4598 un
1475 4512 1693 4631 explicaro
1711 4488 1887 4653 „535⁰”

349 4654 579 4770 ‘Apollonio
611 4656 759 4744 tributa
796 4685 891 4741 cunr
925 4649 973 4734 et
1003 4650 1103 4734 mire
1136 4648 1330 4738 consonat
1361 4681 1447 4767 qua
1480 4656 1522 4740 in
1558 4658 1695 4746 nostro

349 4793 514 4910 aeneo
541 4789 703 4912 regim.
752 4783 861 4916 ,tide
894 4787 1067 4906 notram
1110 4793 1408 4904 annotationem
1455 4791 1506 4900 td
1547 4823 1698 4902 ΝΜ
