4536 6022
625 603 733 700 ert
763 602 872 705 on
898 601 944 704 E.
967 605 1008 689 c
1036 603 1086 688 o
1107 605 1156 690 n
1186 607 1222 695 n
1253 602 1387 706 nn..
1520 600 1690 710 rmvns

344 767 530 888 quelibet
545 767 622 854 alia
634 767 800 874 Latine,
821 791 890 854 aut
906 759 1137 854 vernacula.
1154 767 1263 854 Hinc
1286 792 1450 880 quoque
1472 762 1704 856 clarissime.

340 938 502 1029 apparet
536 913 710 999 immane
749 906 936 1026 prosaicae
968 916 1011 994 δι
1044 909 1208 1024 poetice
1249 906 1394 1024 lingue
1429 905 1690 1004 discrimem

342 1052 454 1166 quod
467 1075 619 1136 tantur-n
640 1051 722 1153 est,
739 1077 817 1153 ut,
837 1046 944 1161 opud
965 1045 1234 1152 Ciceronem,
1258 1047 1303 1128 in·
1317 1045 1488 1132 seeundo
1504 1045 1555 1130 de
1576 1043 1685 1130 Ora-

340 1217 431 1276 tore
447 1188 591 1292 Libro,
604 1190 840 1293 Antonius,
864 1184 980 1292 cujus
999 1185 1192 1270 summam
1205 1189 1247 1268 in
1265 1185 1416 1268 Grecis
1429 1183 1573 1269 litteris
1588 1213 1687 1270 oru-

342 1327 537 1438 ditionem
550 1326 677 1410 Caesar
691 1323 938 1442 predicando
950 1321 1207 1432 extollebat,
1221 1352 1292 1408 eos
1307 1320 1446 1440 legille
1460 1320 1503 1404 fe
1520 1322 1694 1406 Grecos

344 1472 524 1554 auctores
549 1466 724 1570 modeste
746 1467 1011 1582 profiteatur,
1041 1467 1110 1580 qui
1131 1495 1197 1552 res
1213 1467 1374 1581 gestas,
1402 1486 1469 1549 aut
1501 1463 1572 1574 qui
1598 1487 1691 1545 otras

341 1609 452 1692 tione
474 1606 715 1723 scripserunt
750 1605 870 1712 suas,
905 1605 975 1691 sed
999 1604 1146 1698 Poetae
1175 1605 1373 1716 omnino,
1401 1601 1522 1728 quast
1544 1599 1693 1682 alien&

345 1747 491 1860 linguei
514 1749 703 1844 locutos,
727 1777 777 1828 ne
800 1746 942 1858 conari
961 1746 1119 1859 quidem
1132 1751 1187 1864 se
1211 1752 1429 1865 attingere.

395 1883 584 1994 Denique
610 1881 661 1965 ad
686 1883 807 1964 finem
827 1885 955 1992 adjeci
979 1889 1190 1969 Variantes
1211 1889 1388 1994 ejusdem
1415 1885 1524 1974 tertii
1548 1873 1691 1972 Iliadis

343 2019 439 2108 libri
466 2023 710 2124 Lediones,
741 2019 934 2106 eduobus
961 2021 1181 2110 Codicibus
1205 2024 1347 2141 Regiis
1385 2024 1504 2137 supro
1529 2054 1685 2112 memo·

338 2163 456 2259 ratis3
474 2163 543 2272 qui
560 2162 613 2244 ita
629 2155 773 2244 multat
787 2216 801 2262 ,
818 2160 962 2272 easque
975 2166 1131 2276 optimae
1146 2188 1250 2247 notae
1258 2223 1274 2270 ,
1290 2171 1520 2270 continent,
1535 2193 1581 2251 ut
1600 2195 1689 2253 non

339 2293 488 2384 inutilis
526 2297 635 2381 foret
660 2300 785 2383 totius
823 2297 961 2384 Iliadisx
989 2329 1084 2384 cunr
1115 2301 1176 2386 his
1214 2331 1237 2386 a
1273 2310 1403 2420 capite
1443 2303 1497 2389 adr
1528 2307 1711 2398 calcem.

334 2439 503 2522 instituta
523 2432 706 2522 collatio.

392 2575 519 2658 Nunc
547 2603 648 2657 vero
679 2576 762 2657 hoc
793 2603 922 2658 unum
948 2573 1147 2689 superest,
1186 2601 1233 2658 ut
1262 2579 1396 2658 nostrae
1424 2574 1539 2659 nobis
1567 2579 1686 2660 infir-
1754 2619 1756 2625 2

336 2714 481 2796 utitatis
512 2719 553 2794 bt
583 2711 787 2822 imperitiae
813 2709 997 2813 conscii,
1022 2737 1205 2792 errorum
1234 2712 1302 2821 qui
1325 2717 1365 2794 in
1398 2713 1500 2796 hanc
1527 2712 1691 2797 Editio*

334 2879 428 2934 nem
450 2850 628 2956 irrepere
654 2871 894 2959 potuerunt,
924 2849 1081 2930 veniam
1109 2847 1320 2961 poscamus
1332 2905 1350 2948 „
1376 2877 1493 2964 quam
1515 2855 1690 2936 tenerri-

333 3020 405 3074 mae
424 2986 623 3097 juventuti
651 2984 818 3070 dandam
844 2985 934 3068 fore
963 2984 1200 3072 confidimus
1224 3016 1243 3085 ;χ
1263 2985 1416 3074 laud-ati
1447 2987 1621 3098 abunde,
1642 2997 1678 3080 su

333 3125 616 3209 humaniffimis
640 3131 682 3206 bt
712 3121 1054 3235 indulgentissimis
1076 3121 1290 3208 lectoribus
1316 3155 1399 3208 non
1418 3129 1580 3240 prorsus
1608 3129 1689 3215 fas4

339 3264 443 3348 tiditi
471 3263 631 3344 erimus.
669 3255 793 3340 Certe
815 3257 843 3338 sr
866 3258 948 3340 hoc
969 3257 1174 3362 nostrum,
1189 3258 1300 3372 quod
1326 3291 1445 3372 quam
1472 3263 1690 3352 mediocre

336 3400 384 3484 stt
413 3401 483 3518 ipsi
511 3400 723 3503 sentimus,
752 3424 837 3480 non
867 3398 1033 3481 omnino
1060 3397 1217 3484 sordeat
1244 3399 1568 3510 munusculum,
1598 3433 1689 3492 nec

334 3540 460 3625 donis
480 3540 575 3624 viris
613 3532 831 3620 ludibrium
861 3533 1034 3642 debeat,
1070 3535 1138 3624 sed
1165 3539 1300 3655 potius
1315 3541 1392 3656 'ipsi
1419 3543 1559 3627 nostris
1583 3551 1703 3634 arri·.

335 3681 451 3764 de‘anr
478 3673 720 3794 conatibus,
752 3682 793 3758 &r
817 3677 983 3758 amicam
996 3674 1134 3783 juveni
1155 3676 1396 3793 protendere
1419 3709 1579 3766 manum
1596 3683 1691 3801 dig-

333 3846 508 3923 nentur,
535 3847 618 3900 non
645 3814 765 3927 quid,
796 3813 864 3897 secl
891 3814 968 3926 qui
996 3841 1131 3902 mente
1162 3824 1203 3903 bt
1230 3845 1252 3900 a
1280 3816 1386 3930 quali
1405 3821 1561 3906 aetntulb
1583 3823 1690 3906 offe»

335 3987 468 4064 ratur,
498 3956 669 4072 benigne
698 3953 982 4070 respicientes-3
1012 3981 1086 4036 nos
1108 3951 1155 4038 ad
1184 3952 1260 4041 alia
1286 3955 1437 4066 majora
1465 3958 1702 4052 alacriores,

333 4097 669 4216 &promptiores
702 4092 898 4206 affurgere
927 4089 1192 4200 conabimur,
1229 4103 1270 4180 bt
1296 4098 1336 4180 in
1366 4096 1556 4186 Eudocie
1584 4095 1691 4182 Mn*

333 4231 622 4322 erembolitiffae
643 4247 723 4330 'rnre
755 4233 837 4318 Ms.
872 4230 1024 4350 publici
1048 4230 1146 4344 juris
1184 4232 1364 4317 faciendi
1391 4235 1476 4318 toti
1496 4239 1642 4320 erimus
1660 4266 1684 4338 33

329 4373 487 4486 hicque
512 4371 762 4457 eruditorum
788 4374 997 4455 hominum
1037 4369 1317 4454 benevolentia
1355 4378 1397 4453 br
1426 4369 1685 4488 indulgenti&¹

331 4514 531 4614 recreati,
562 4515 789 4619 horumque
816 4512 978 4590 monitis
1014 4505 1174 4610 adjuti,
1216 4508 1257 4587 in
1290 4503 1433 4591 eodem
1460 4541 1685 4627 pergemuer
1803 4541 1810 4544 ·

328 4647 452 4738 stadio
467 4707 482 4755 ,
510 4645 620 4778 quod
649 4645 798 4728 nonnisr
825 4640 1064 4758 trepidantes
1089 4667 1136 4723 ac
1169 4638 1355 4760 suspenso
1382 4650 1483 4766 pede
1515 4637 1683 4768 ingrellir

329 4789 489 4890 sumum
526 4813 628 4874 curn*
645 4781 868 4902 presertim:
884 4779 942 4872 ad
961 4781 1064 4868 hanc
1093 4779 1308 4900 Apollonii
1341 4785 1579 4878 Editionem
1600 4791 1681 4886 de÷
