<?xml version="1.0" encoding="UTF-8"?>
<!DOCTYPE html PUBLIC "-//W3C//DTD XHTML 1.0 Transitional//EN"
    "http://www.w3.org/TR/xhtml1/DTD/xhtml1-transitional.dtd">
<html xmlns="http://www.w3.org/1999/xhtml" xml:lang="en" lang="en">
 <head>
  <title>
</title>
<meta http-equiv="Content-Type" content="text/html;charset=utf-8" />
  <meta name='ocr-system' content='tesseract 3.04.00' />
  <meta name='ocr-capabilities' content='ocr_page ocr_carea ocr_par ocr_line ocrx_word'/>
</head>
<body>
  <div class='ocr_page' id='page_1' title='image "apolloniisophis00unkngoog_0035.png"; bbox 0 0 4516 6016; ppageno 0'>
   <div class='ocr_carea' id='block_1_1' title="bbox 604 637 1659 757">
    <p class='ocr_par' dir='ltr' id='par_1_1' title="bbox 604 637 1659 757">
     <span class='ocr_line' id='line_1_1' title="bbox 604 637 1659 757; baseline -0.008 -23"><span class='ocrx_word' id='word_1_1' title='bbox 604 645 701 757; x_wconf 59' lang='lat' dir='ltr'>um</span> <span class='ocrx_word' id='word_1_2' title='bbox 910 637 1659 734; x_wconf 73' lang='lat' dir='ltr'>PROLEGOMENm</span> 
     </span>
    </p>
   </div>
   <div class='ocr_carea' id='block_1_2' title="bbox 509 797 2032 2712">
    <p class='ocr_par' dir='ltr' id='par_1_2' title="bbox 509 797 2032 2712">
     <span class='ocr_line' id='line_1_2' title="bbox 604 797 1944 928; baseline -0.005 -37"><span class='ocrx_word' id='word_1_3' title='bbox 604 805 846 892; x_wconf 84' lang='lat' dir='ltr'>Cleanthem</span> <span class='ocrx_word' id='word_1_4' title='bbox 892 806 1106 928; x_wconf 76' lang='lat' dir='ltr'>Chrysippi</span> <span class='ocrx_word' id='word_1_5' title='bbox 1140 806 1382 920; x_wconf 90' lang='lat' dir='ltr'>discipulum</span> <span class='ocrx_word' id='word_1_6' title='bbox 1427 806 1538 892; x_wconf 88' lang='lat' dir='ltr'>facit.</span> <span class='ocrx_word' id='word_1_7' title='bbox 1598 802 1716 891; x_wconf 88' lang='lat' dir='ltr'>Adeo</span> <span class='ocrx_word' id='word_1_8' title='bbox 1766 797 1944 886; x_wconf 88' lang='lat' dir='ltr'>laborio-</span> 
     </span>
     <span class='ocr_line' id='line_1_3' title="bbox 602 940 1942 1062; baseline -0.004 -32"><span class='ocrx_word' id='word_1_9' title='bbox 602 946 667 1032; x_wconf 87' lang='lat' dir='ltr'>sus</span> <span class='ocrx_word' id='word_1_10' title='bbox 693 947 772 1031; x_wconf 87' lang='lat' dir='ltr'>suit</span> <span class='ocrx_word' id='word_1_11' title='bbox 798 971 843 1032; x_wconf 92' lang='lat' dir='ltr'>ut</span> <span class='ocrx_word' id='word_1_12' title='bbox 872 943 973 1032; x_wconf 86' lang='lat' dir='ltr'>alter</span> <span class='ocrx_word' id='word_1_13' title='bbox 1016 945 1213 1034; x_wconf 88' lang='lat' dir='ltr'>Hercules</span> <span class='ocrx_word' id='word_1_14' title='bbox 1244 969 1474 1032; x_wconf 88' lang='lat' dir='ltr'>vocaretur.</span> <span class='ocrx_word' id='word_1_15' title='bbox 1516 945 1624 1030; x_wconf 90' lang='lat' dir='ltr'>Cum</span> <span class='ocrx_word' id='word_1_16' title='bbox 1658 945 1795 1048; x_wconf 92' lang='lat' dir='ltr'>enim,</span> <span class='ocrx_word' id='word_1_17' title='bbox 1832 940 1942 1062; x_wconf 88' lang='lat' dir='ltr'>testi-</span> 
     </span>
     <span class='ocr_line' id='line_1_4' title="bbox 601 1082 1946 1205; baseline 0 -35"><span class='ocrx_word' id='word_1_18' title='bbox 601 1085 675 1172; x_wconf 87' lang='lat' dir='ltr'>bus</span> <span class='ocrx_word' id='word_1_19' title='bbox 689 1145 705 1192; x_wconf 91' lang='lat'>,</span> <span class='ocrx_word' id='word_1_20' title='bbox 736 1083 886 1190; x_wconf 72' lang='lat' dir='ltr'>Suids,</span> <span class='ocrx_word' id='word_1_21' title='bbox 904 1088 1069 1205; x_wconf 86' lang='lat' dir='ltr'><strong>Diogen</strong></span> <span class='ocrx_word' id='word_1_22' title='bbox 1107 1087 1244 1172; x_wconf 85' lang='lat' dir='ltr'>Laert.</span> <span class='ocrx_word' id='word_1_23' title='bbox 1273 1083 1414 1174; x_wconf 83' lang='lat' dir='ltr'>Valer.</span> <span class='ocrx_word' id='word_1_24' title='bbox 1440 1085 1611 1168; x_wconf 84' lang='lat' dir='ltr'>Maxim.</span> <span class='ocrx_word' id='word_1_25' title='bbox 1635 1082 1688 1170; x_wconf 83' lang='lat' dir='ltr'>L.</span> <span class='ocrx_word' id='word_1_26' title='bbox 1714 1093 1819 1169; x_wconf 76' lang='lat' dir='ltr'>8.·cr</span> <span class='ocrx_word' id='word_1_27' title='bbox 1845 1087 1946 1186; x_wconf 81' lang='lat'>7.&amp;</span> 
     </span>
     <span class='ocr_line' id='line_1_5' title="bbox 592 1217 1943 1364; baseline 0 -59"><span class='ocrx_word' id='word_1_28' title='bbox 592 1223 745 1336; x_wconf 80' lang='lat' dir='ltr'>Senec.</span> <span class='ocrx_word' id='word_1_29' title='bbox 775 1221 896 1364; x_wconf 85' lang='lat' dir='ltr'>Epist.</span> <span class='ocrx_word' id='word_1_30' title='bbox 924 1261 995 1338; x_wconf 76' lang='lat'>44.</span> <span class='ocrx_word' id='word_1_31' title='bbox 1020 1253 1073 1308; x_wconf 92' lang='lat' dir='ltr'>no</span> <span class='ocrx_word' id='word_1_32' title='bbox 1122 1221 1287 1308; x_wconf 89' lang='lat' dir='ltr'>haberet</span> <span class='ocrx_word' id='word_1_33' title='bbox 1306 1221 1413 1308; x_wconf 84' lang='lat' dir='ltr'>unde</span> <span class='ocrx_word' id='word_1_34' title='bbox 1438 1224 1562 1310; x_wconf 82' lang='lat' dir='ltr'>vitam</span> <span class='ocrx_word' id='word_1_35' title='bbox 1580 1217 1800 1324; x_wconf 83' lang='lat' dir='ltr'>toleraret,</span> <span class='ocrx_word' id='word_1_36' title='bbox 1820 1221 1943 1305; x_wconf 72' lang='lat' dir='ltr'>noeto</span> 
     </span>
     <span class='ocr_line' id='line_1_6' title="bbox 600 1356 2032 1477; baseline 0.001 -32"><span class='ocrx_word' id='word_1_37' title='bbox 600 1362 789 1450; x_wconf 83' lang='lat' dir='ltr'>mercede</span> <span class='ocrx_word' id='word_1_38' title='bbox 813 1363 1030 1462; x_wconf 73' lang='lat' dir='ltr'>conductus</span> <span class='ocrx_word' id='word_1_39' title='bbox 1056 1391 1195 1475; x_wconf 87' lang='lat' dir='ltr'>aquam</span> <span class='ocrx_word' id='word_1_40' title='bbox 1224 1361 1274 1448; x_wconf 85' lang='lat' dir='ltr'>ad</span> <span class='ocrx_word' id='word_1_41' title='bbox 1298 1361 1445 1450; x_wconf 86' lang='lat' dir='ltr'>hortos</span> <span class='ocrx_word' id='word_1_42' title='bbox 1468 1358 1692 1477; x_wconf 85' lang='lat' dir='ltr'>irrigandos</span> <span class='ocrx_word' id='word_1_43' title='bbox 1711 1356 1945 1467; x_wconf 73' lang='lat' dir='ltr'>hauriebat,</span> <span class='ocrx_word' id='word_1_44' title='bbox 2021 1393 2032 1402; x_wconf 83' lang='lat'><em>·</em></span> 
     </span>
     <span class='ocr_line' id='line_1_7' title="bbox 509 1496 1944 1619; baseline 0.001 -36"><span class='ocrx_word' id='word_1_45' title='bbox 509 1596 511 1600; x_wconf 41' lang='grc'><strong>,</strong></span> <span class='ocrx_word' id='word_1_46' title='bbox 597 1499 769 1586; x_wconf 82' lang='lat' dir='ltr'>interdiu</span> <span class='ocrx_word' id='word_1_47' title='bbox 781 1530 883 1587; x_wconf 92' lang='lat' dir='ltr'>vero</span> <span class='ocrx_word' id='word_1_48' title='bbox 896 1500 1041 1587; x_wconf 86' lang='lat' dir='ltr'>litteris</span> <span class='ocrx_word' id='word_1_49' title='bbox 1061 1498 1227 1586; x_wconf 86' lang='lat' dir='ltr'>vacabat</span> <span class='ocrx_word' id='word_1_50' title='bbox 1241 1531 1288 1587; x_wconf 87' lang='lat' dir='ltr'>ac</span> <span class='ocrx_word' id='word_1_51' title='bbox 1306 1499 1547 1619; x_wconf 82' lang='lat' dir='ltr'>disciplinis3</span> <span class='ocrx_word' id='word_1_52' title='bbox 1564 1496 1670 1584; x_wconf 90' lang='lat' dir='ltr'>unde</span> <span class='ocrx_word' id='word_1_53' title='bbox 1687 1501 1804 1584; x_wconf 84' lang='lat' dir='ltr'>etiam</span> <span class='ocrx_word' id='word_1_54' title='bbox 1817 1497 1944 1584; x_wconf 76' lang='lat' dir='ltr'>dietus</span> 
     </span>
     <span class='ocr_line' id='line_1_8' title="bbox 595 1635 1942 1752; baseline 0.001 -32"><span class='ocrx_word' id='word_1_55' title='bbox 595 1637 653 1736; x_wconf 84' lang='lat' dir='ltr'>est</span> <span class='ocrx_word' id='word_1_56' title='bbox 674 1650 818 1734; x_wconf 62' lang='lat' dir='ltr'>epulum.</span> <span class='ocrx_word' id='word_1_57' title='bbox 850 1639 919 1723; x_wconf 89' lang='lat' dir='ltr'>Sic</span> <span class='ocrx_word' id='word_1_58' title='bbox 940 1669 1040 1724; x_wconf 90' lang='lat' dir='ltr'>vero</span> <span class='ocrx_word' id='word_1_59' title='bbox 1065 1663 1249 1726; x_wconf 91' lang='lat' dir='ltr'>mortuus</span> <span class='ocrx_word' id='word_1_60' title='bbox 1271 1643 1326 1724; x_wconf 86' lang='lat' dir='ltr'>est</span> <span class='ocrx_word' id='word_1_61' title='bbox 1348 1674 1358 1724; x_wconf 79' lang='lat' dir='ltr'>r</span> <span class='ocrx_word' id='word_1_62' title='bbox 1389 1669 1483 1726; x_wconf 94' lang='lat' dir='ltr'>cum</span> <span class='ocrx_word' id='word_1_63' title='bbox 1499 1635 1585 1744; x_wconf 82' lang='lat' dir='ltr'>ejus</span> <span class='ocrx_word' id='word_1_64' title='bbox 1610 1638 1758 1724; x_wconf 84' lang='lat' dir='ltr'>extima</span> <span class='ocrx_word' id='word_1_65' title='bbox 1778 1638 1942 1752; x_wconf 87' lang='lat' dir='ltr'>gingiva</span> 
     </span>
     <span class='ocr_line' id='line_1_9' title="bbox 593 1765 1941 1890; baseline 0.005 -38"><span class='ocrx_word' id='word_1_66' title='bbox 593 1765 811 1859; x_wconf 69' lang='lat' dir='ltr'>tumesatla</span> <span class='ocrx_word' id='word_1_67' title='bbox 839 1777 1114 1890; x_wconf 88' lang='lat' dir='ltr'>putresceret,</span> <span class='ocrx_word' id='word_1_68' title='bbox 1143 1776 1373 1888; x_wconf 83' lang='lat' dir='ltr'>jubentibus</span> <span class='ocrx_word' id='word_1_69' title='bbox 1399 1775 1565 1862; x_wconf 87' lang='lat' dir='ltr'>medicis</span> <span class='ocrx_word' id='word_1_70' title='bbox 1581 1833 1594 1880; x_wconf 97' lang='lat'>,</span> <span class='ocrx_word' id='word_1_71' title='bbox 1610 1773 1714 1860; x_wconf 83' lang='lat' dir='ltr'>duos</span> <span class='ocrx_word' id='word_1_72' title='bbox 1735 1775 1818 1862; x_wconf 90' lang='lat' dir='ltr'>dies</span> <span class='ocrx_word' id='word_1_73' title='bbox 1847 1770 1941 1860; x_wconf 92' lang='lat' dir='ltr'>cibo</span> 
     </span>
     <span class='ocr_line' id='line_1_10' title="bbox 594 1903 1942 2023; baseline 0.006 -33"><span class='ocrx_word' id='word_1_74' title='bbox 594 1903 808 2008; x_wconf 70' lang='lat' dir='ltr'>abstinuit}</span> <span class='ocrx_word' id='word_1_75' title='bbox 832 1909 993 2023; x_wconf 83' lang='lat' dir='ltr'>jamque</span> <span class='ocrx_word' id='word_1_76' title='bbox 1006 1923 1043 1996; x_wconf 88' lang='lat' dir='ltr'>ei</span> <span class='ocrx_word' id='word_1_77' title='bbox 1064 1919 1118 1997; x_wconf 85' lang='lat' dir='ltr'>fic</span> <span class='ocrx_word' id='word_1_78' title='bbox 1132 1914 1278 1996; x_wconf 86' lang='lat' dir='ltr'>melius</span> <span class='ocrx_word' id='word_1_79' title='bbox 1304 1941 1389 1996; x_wconf 86' lang='lat' dir='ltr'>erat</span> <span class='ocrx_word' id='word_1_80' title='bbox 1409 1940 1463 2012; x_wconf 78' lang='lat' dir='ltr'>ut¹</span> <span class='ocrx_word' id='word_1_81' title='bbox 1477 1912 1626 1994; x_wconf 88' lang='lat' dir='ltr'>medici</span> <span class='ocrx_word' id='word_1_82' title='bbox 1645 1905 1778 1996; x_wconf 85' lang='lat' dir='ltr'>omnia</span> <span class='ocrx_word' id='word_1_83' title='bbox 1797 1911 1942 2023; x_wconf 83' lang='lat' dir='ltr'>quibus</span> 
     </span>
     <span class='ocr_line' id='line_1_11' title="bbox 551 2041 1940 2164; baseline 0.005 -38"><span class='ocrx_word' id='word_1_84' title='bbox 551 2075 554 2082; x_wconf 73' lang='grc'><strong>’</strong></span> <span class='ocrx_word' id='word_1_85' title='bbox 597 2041 670 2128; x_wconf 89' lang='lat' dir='ltr'>ille</span> <span class='ocrx_word' id='word_1_86' title='bbox 698 2047 759 2128; x_wconf 89' lang='lat' dir='ltr'>uti</span> <span class='ocrx_word' id='word_1_87' title='bbox 778 2048 1073 2156; x_wconf 86' lang='lat' dir='ltr'>consueverat,</span> <span class='ocrx_word' id='word_1_88' title='bbox 1097 2051 1402 2164; x_wconf 84' lang='lat' dir='ltr'>permitterent:</span> <span class='ocrx_word' id='word_1_89' title='bbox 1423 2045 1533 2158; x_wconf 92' lang='lat' dir='ltr'>quod</span> <span class='ocrx_word' id='word_1_90' title='bbox 1548 2044 1620 2129; x_wconf 90' lang='lat' dir='ltr'>ille</span> <span class='ocrx_word' id='word_1_91' title='bbox 1636 2075 1719 2130; x_wconf 89' lang='lat' dir='ltr'>non</span> <span class='ocrx_word' id='word_1_92' title='bbox 1732 2046 1940 2146; x_wconf 76' lang='lat' dir='ltr'>sustinuit3</span> 
     </span>
     <span class='ocr_line' id='line_1_12' title="bbox 595 2180 1940 2300; baseline 0.002 -35"><span class='ocrx_word' id='word_1_93' title='bbox 595 2180 697 2288; x_wconf 91' lang='lat' dir='ltr'>sed,</span> <span class='ocrx_word' id='word_1_94' title='bbox 729 2210 821 2266; x_wconf 90' lang='lat' dir='ltr'>cum</span> <span class='ocrx_word' id='word_1_95' title='bbox 848 2184 891 2268; x_wconf 93' lang='lat' dir='ltr'>se</span> <span class='ocrx_word' id='word_1_96' title='bbox 919 2181 1001 2292; x_wconf 81' lang='lat' dir='ltr'>jam</span> <span class='ocrx_word' id='word_1_97' title='bbox 1036 2183 1211 2274; x_wconf 91' lang='lat' dir='ltr'>multum</span> <span class='ocrx_word' id='word_1_98' title='bbox 1246 2186 1318 2272; x_wconf 80' lang='lat' dir='ltr'>viae</span> <span class='ocrx_word' id='word_1_99' title='bbox 1345 2180 1574 2300; x_wconf 75' lang='lat' dir='ltr'>processisse</span> <span class='ocrx_word' id='word_1_100' title='bbox 1604 2181 1758 2270; x_wconf 86' lang='lat' dir='ltr'>diceret</span> <span class='ocrx_word' id='word_1_101' title='bbox 1787 2240 1803 2289; x_wconf 96' lang='lat'>,</span> <span class='ocrx_word' id='word_1_102' title='bbox 1845 2181 1940 2268; x_wconf 92' lang='lat' dir='ltr'>reli·</span> 
     </span>
     <span class='ocr_line' id='line_1_13' title="bbox 596 2317 1940 2438; baseline 0.004 -34"><span class='ocrx_word' id='word_1_103' title='bbox 596 2324 684 2434; x_wconf 85' lang='lat' dir='ltr'>quis</span> <span class='ocrx_word' id='word_1_104' title='bbox 708 2350 873 2435; x_wconf 91' lang='lat' dir='ltr'>quoque</span> <span class='ocrx_word' id='word_1_105' title='bbox 898 2317 1036 2408; x_wconf 87' lang='lat' dir='ltr'>diebus</span> <span class='ocrx_word' id='word_1_106' title='bbox 1065 2325 1119 2408; x_wconf 84' lang='lat' dir='ltr'>ita</span> <span class='ocrx_word' id='word_1_107' title='bbox 1147 2323 1394 2438; x_wconf 85' lang='lat' dir='ltr'>consumptis</span> <span class='ocrx_word' id='word_1_108' title='bbox 1417 2347 1603 2408; x_wconf 87' lang='lat' dir='ltr'>mortuus</span> <span class='ocrx_word' id='word_1_109' title='bbox 1626 2323 1705 2408; x_wconf 84' lang='lat' dir='ltr'>est:</span> <span class='ocrx_word' id='word_1_110' title='bbox 1737 2351 1830 2408; x_wconf 89' lang='lat' dir='ltr'>cum</span> <span class='ocrx_word' id='word_1_111' title='bbox 1854 2326 1940 2436; x_wconf 85' lang='lat' dir='ltr'>qui·</span> 
     </span>
     <span class='ocr_line' id='line_1_14' title="bbox 598 2455 1940 2571; baseline 0.001 -29"><span class='ocrx_word' id='word_1_112' title='bbox 598 2455 732 2566; x_wconf 92' lang='lat' dir='ltr'>dem,</span> <span class='ocrx_word' id='word_1_113' title='bbox 772 2483 819 2544; x_wconf 93' lang='lat' dir='ltr'>ut</span> <span class='ocrx_word' id='word_1_114' title='bbox 846 2463 955 2544; x_wconf 86' lang='lat' dir='ltr'>aiunt</span> <span class='ocrx_word' id='word_1_115' title='bbox 991 2457 1204 2566; x_wconf 89' lang='lat' dir='ltr'>nonnulli,</span> <span class='ocrx_word' id='word_1_116' title='bbox 1243 2486 1366 2544; x_wconf 85' lang='lat' dir='ltr'>anuos</span> <span class='ocrx_word' id='word_1_117' title='bbox 1402 2459 1607 2571; x_wconf 71' lang='lat' dir='ltr'>odoginta</span> <span class='ocrx_word' id='word_1_118' title='bbox 1640 2457 1797 2545; x_wconf 84' lang='lat' dir='ltr'>vixiss&#39;et</span> <span class='ocrx_word' id='word_1_119' title='bbox 1808 2515 1823 2558; x_wconf 92' lang='lat'>,</span> <span class='ocrx_word' id='word_1_120' title='bbox 1852 2459 1940 2544; x_wconf 84' lang='lat' dir='ltr'>Z&#39;e·</span> 
     </span>
     <span class='ocr_line' id='line_1_15' title="bbox 599 2595 1942 2712; baseline 0.001 -32"><span class='ocrx_word' id='word_1_121' title='bbox 599 2624 834 2712; x_wconf 84' lang='lat' dir='ltr'>nouemque</span> <span class='ocrx_word' id='word_1_122' title='bbox 877 2601 988 2684; x_wconf 91' lang='lat' dir='ltr'>annis</span> <span class='ocrx_word' id='word_1_123' title='bbox 1019 2627 1168 2684; x_wconf 91' lang='lat' dir='ltr'>novem</span> <span class='ocrx_word' id='word_1_124' title='bbox 1201 2597 1412 2684; x_wconf 83' lang='lat' dir='ltr'>&amp;decem</span> <span class='ocrx_word' id='word_1_125' title='bbox 1452 2595 1676 2690; x_wconf 83' lang='lat' dir='ltr'>audivisset.</span> <span class='ocrx_word' id='word_1_126' title='bbox 1717 2596 1786 2682; x_wconf 93' lang='lat' dir='ltr'>De</span> <span class='ocrx_word' id='word_1_127' title='bbox 1820 2595 1942 2707; x_wconf 78' lang='lat' dir='ltr'>hujus</span> 
     </span>
    </p>
   </div>
   <div class='ocr_carea' id='block_1_3' title="bbox 595 2729 1940 3122">
    <p class='ocr_par' dir='ltr' id='par_1_3' title="bbox 595 2729 1940 3122">
     <span class='ocr_line' id='line_1_16' title="bbox 598 2729 1940 2850; baseline 0.001 -32"><span class='ocrx_word' id='word_1_128' title='bbox 598 2731 787 2849; x_wconf 83' lang='lat' dir='ltr'>operibus</span> <span class='ocrx_word' id='word_1_129' title='bbox 809 2763 858 2822; x_wconf 82' lang='lat' dir='ltr'>ac</span> <span class='ocrx_word' id='word_1_130' title='bbox 873 2734 956 2822; x_wconf 77' lang='lat' dir='ltr'>virt</span> <span class='ocrx_word' id='word_1_131' title='bbox 973 2729 1062 2821; x_wconf 89' lang='lat' dir='ltr'>vide</span> <span class='ocrx_word' id='word_1_132' title='bbox 1086 2737 1316 2850; x_wconf 85' lang='lat' dir='ltr'>Diogenem</span> <span class='ocrx_word' id='word_1_133' title='bbox 1339 2738 1551 2821; x_wconf 84' lang='lat' dir='ltr'>Laertium</span> <span class='ocrx_word' id='word_1_134' title='bbox 1569 2736 1622 2824; x_wconf 88' lang='lat' dir='ltr'>L.</span> <span class='ocrx_word' id='word_1_135' title='bbox 1650 2767 1691 2846; x_wconf 85' lang='lat'>7.</span> <span class='ocrx_word' id='word_1_136' title='bbox 1714 2734 1940 2823; x_wconf 84' lang='lat' dir='ltr'>&amp;adeum</span> 
     </span>
     <span class='ocr_line' id='line_1_17' title="bbox 595 2869 1940 2986; baseline 0.007 -32"><span class='ocrx_word' id='word_1_137' title='bbox 595 2869 763 2984; x_wconf 81' lang='lat' dir='ltr'>Menag.</span> <span class='ocrx_word' id='word_1_138' title='bbox 790 2872 983 2977; x_wconf 84' lang='lat' dir='ltr'>Suidam,</span> <span class='ocrx_word' id='word_1_139' title='bbox 1005 2873 1164 2958; x_wconf 85' lang='lat' dir='ltr'>Fabric.</span> <span class='ocrx_word' id='word_1_140' title='bbox 1186 2873 1274 2958; x_wconf 86' lang='lat' dir='ltr'>vol.</span> <span class='ocrx_word' id='word_1_141' title='bbox 1301 2909 1343 2957; x_wconf 93' lang='lat'>2.</span> <span class='ocrx_word' id='word_1_142' title='bbox 1364 2909 1406 2986; x_wconf 87' lang='lat' dir='ltr'>p.</span> <span class='ocrx_word' id='word_1_143' title='bbox 1431 2905 1530 2982; x_wconf 74' lang='lat'>395.</span> <span class='ocrx_word' id='word_1_144' title='bbox 1548 2905 1597 2959; x_wconf 84' lang='lat' dir='ltr'>ac</span> <span class='ocrx_word' id='word_1_145' title='bbox 1619 2877 1733 2963; x_wconf 82' lang='lat' dir='ltr'>vorr.</span> <span class='ocrx_word' id='word_1_146' title='bbox 1747 2877 1819 2960; x_wconf 87' lang='lat' dir='ltr'>De</span> <span class='ocrx_word' id='word_1_147' title='bbox 1832 2875 1940 2986; x_wconf 83' lang='lat' dir='ltr'>Hifl.</span> 
     </span>
     <span class='ocr_line' id='line_1_18' title="bbox 597 3005 1940 3122; baseline 0.003 -32"><span class='ocrx_word' id='word_1_148' title='bbox 597 3007 727 3091; x_wconf 70' lang='lat' dir='ltr'>Grec·</span> <span class='ocrx_word' id='word_1_149' title='bbox 754 3037 793 3122; x_wconf 85' lang='lat' dir='ltr'>P·</span> <span class='ocrx_word' id='word_1_150' title='bbox 814 3037 887 3110; x_wconf 89' lang='lat'>99·</span> <span class='ocrx_word' id='word_1_151' title='bbox 906 3007 959 3093; x_wconf 83' lang='lat' dir='ltr'>L.</span> <span class='ocrx_word' id='word_1_152' title='bbox 983 3039 1011 3090; x_wconf 89' lang='lat'>1.</span> <span class='ocrx_word' id='word_1_153' title='bbox 1031 3035 1078 3091; x_wconf 86' lang='lat' dir='ltr'>ac</span> <span class='ocrx_word' id='word_1_154' title='bbox 1098 3005 1213 3096; x_wconf 89' lang='lat' dir='ltr'>Jons.</span> <span class='ocrx_word' id='word_1_155' title='bbox 1235 3009 1301 3087; x_wconf 88' lang='lat' dir='ltr'>De</span> <span class='ocrx_word' id='word_1_156' title='bbox 1319 3006 1473 3114; x_wconf 82' lang='lat' dir='ltr'>Script.</span> <span class='ocrx_word' id='word_1_157' title='bbox 1495 3007 1598 3115; x_wconf 78' lang='lat' dir='ltr'>Hist.</span> <span class='ocrx_word' id='word_1_158' title='bbox 1611 3005 1723 3092; x_wconf 74' lang='lat' dir='ltr'><em>Phil.</em></span> <span class='ocrx_word' id='word_1_159' title='bbox 1740 3017 1783 3094; x_wconf 77' lang='lat' dir='ltr'>bt</span> <span class='ocrx_word' id='word_1_160' title='bbox 1796 3009 1940 3096; x_wconf 86' lang='lat' dir='ltr'>Meur-</span> 
     </span>
    </p>
   </div>
   <div class='ocr_carea' id='block_1_4' title="bbox 430 3121 1988 5062">
    <p class='ocr_par' dir='ltr' id='par_1_4' title="bbox 492 3121 1943 3952">
     <span class='ocr_line' id='line_1_19' title="bbox 595 3121 1943 3253; baseline 0.003 -23"><span class='ocrx_word' id='word_1_161' title='bbox 595 3147 699 3230; x_wconf 88' lang='lat' dir='ltr'>-srum</span> <span class='ocrx_word' id='word_1_162' title='bbox 724 3146 765 3229; x_wconf 91' lang='lat' dir='ltr'>in</span> <span class='ocrx_word' id='word_1_163' title='bbox 787 3143 901 3228; x_wconf 83' lang='lat' dir='ltr'>Bibl.</span> <span class='ocrx_word' id='word_1_164' title='bbox 918 3145 1047 3228; x_wconf 73' lang='lat' dir='ltr'>Grac.</span> <span class='ocrx_word' id='word_1_165' title='bbox 1063 3143 1103 3226; x_wconf 86' lang='grc' dir='ltr'>Α</span> <span class='ocrx_word' id='word_1_166' title='bbox 1119 3143 1327 3230; x_wconf 89' lang='lat' dir='ltr'>Cicerone</span> <span class='ocrx_word' id='word_1_167' title='bbox 1341 3127 1472 3227; x_wconf 80' lang='lat' dir='ltr'>Acad.</span> <span class='ocrx_word' id='word_1_168' title='bbox 1486 3121 1702 3253; x_wconf 46' lang='lat' dir='ltr'>QuaestssL.</span> <span class='ocrx_word' id='word_1_169' title='bbox 1716 3180 1758 3253; x_wconf 74' lang='lat'>4.</span> <span class='ocrx_word' id='word_1_170' title='bbox 1774 3171 1943 3234; x_wconf 86' lang='lat' dir='ltr'>vocatur</span> 
     </span>
     <span class='ocr_line' id='line_1_20' title="bbox 600 3275 1943 3393; baseline 0.001 -25"><span class='ocrx_word' id='word_1_171' title='bbox 600 3281 800 3389; x_wconf 84' lang='lat' dir='ltr'>majorum</span> <span class='ocrx_word' id='word_1_172' title='bbox 817 3285 996 3393; x_wconf 88' lang='lat' dir='ltr'>gentium</span> <span class='ocrx_word' id='word_1_173' title='bbox 1017 3279 1193 3364; x_wconf 89' lang='lat' dir='ltr'>Stoicus.</span> <span class='ocrx_word' id='word_1_174' title='bbox 1217 3279 1274 3359; x_wconf 88' lang='lat' dir='ltr'>At</span> <span class='ocrx_word' id='word_1_175' title='bbox 1288 3306 1384 3362; x_wconf 87' lang='lat' dir='ltr'>vero</span> <span class='ocrx_word' id='word_1_176' title='bbox 1399 3309 1421 3360; x_wconf 89' lang='lat' dir='ltr'>a</span> <span class='ocrx_word' id='word_1_177' title='bbox 1439 3275 1680 3383; x_wconf 86' lang='lat' dir='ltr'>Plutarcho,</span> <span class='ocrx_word' id='word_1_178' title='bbox 1694 3283 1736 3363; x_wconf 91' lang='lat' dir='ltr'>in</span> <span class='ocrx_word' id='word_1_179' title='bbox 1749 3278 1859 3366; x_wconf 90' lang='lat' dir='ltr'>libro</span> <span class='ocrx_word' id='word_1_180' title='bbox 1870 3283 1943 3370; x_wconf 85' lang='lat' dir='ltr'>De</span> 
     </span>
     <span class='ocr_line' id='line_1_21' title="bbox 599 3411 1941 3536; baseline 0.004 -32"><span class='ocrx_word' id='word_1_181' title='bbox 599 3411 1941 3536; x_wconf 79' lang='lat' dir='ltr'>audiendisPoetis,reprehendunturCleanthes,&amp;eiusdiscipulus</span> 
     </span>
     <span class='ocr_line' id='line_1_22' title="bbox 492 3551 1943 3674; baseline 0.001 -32"><span class='ocrx_word' id='word_1_182' title='bbox 492 3599 498 3612; x_wconf 32' lang='grc' dir='ltr'><em>κ</em></span> <span class='ocrx_word' id='word_1_183' title='bbox 601 3556 874 3674; x_wconf 83' lang='lat' dir='ltr'>Chryfippus,</span> <span class='ocrx_word' id='word_1_184' title='bbox 904 3579 951 3643; x_wconf 92' lang='lat' dir='ltr'>ut</span> <span class='ocrx_word' id='word_1_185' title='bbox 975 3579 1070 3673; x_wconf 92' lang='lat' dir='ltr'>pote</span> <span class='ocrx_word' id='word_1_186' title='bbox 1088 3554 1259 3638; x_wconf 91' lang='lat' dir='ltr'>Homeri</span> <span class='ocrx_word' id='word_1_187' title='bbox 1273 3551 1450 3666; x_wconf 82' lang='lat' dir='ltr'>quaedam</span> <span class='ocrx_word' id='word_1_188' title='bbox 1475 3553 1660 3670; x_wconf 86' lang='lat' dir='ltr'>frigidius</span> <span class='ocrx_word' id='word_1_189' title='bbox 1681 3556 1943 3672; x_wconf 85' lang='lat' dir='ltr'>interpretan-</span> 
     </span>
     <span class='ocr_line' id='line_1_23' title="bbox 604 3689 1941 3809; baseline 0 -25"><span class='ocrx_word' id='word_1_190' title='bbox 604 3726 680 3785; x_wconf 86' lang='lat' dir='ltr'>tes.</span> <span class='ocrx_word' id='word_1_191' title='bbox 710 3693 840 3806; x_wconf 85' lang='lat' dir='ltr'>Cujus</span> <span class='ocrx_word' id='word_1_192' title='bbox 865 3721 974 3780; x_wconf 85' lang='lat' dir='ltr'>certe</span> <span class='ocrx_word' id='word_1_193' title='bbox 1001 3696 1160 3809; x_wconf 86' lang='lat' dir='ltr'>generis</span> <span class='ocrx_word' id='word_1_194' title='bbox 1186 3693 1277 3778; x_wconf 87' lang='lat' dir='ltr'>sunt</span> <span class='ocrx_word' id='word_1_195' title='bbox 1299 3720 1385 3805; x_wconf 83' lang='lat' dir='ltr'>quae</span> <span class='ocrx_word' id='word_1_196' title='bbox 1405 3720 1429 3776; x_wconf 90' lang='lat' dir='ltr'>e</span> <span class='ocrx_word' id='word_1_197' title='bbox 1449 3689 1646 3780; x_wconf 84' lang='lat' dir='ltr'>Cleanthe</span> <span class='ocrx_word' id='word_1_198' title='bbox 1666 3696 1709 3778; x_wconf 92' lang='lat' dir='ltr'>in</span> <span class='ocrx_word' id='word_1_199' title='bbox 1725 3716 1807 3772; x_wconf 69' lang='lat' dir='ltr'>usu</span> <span class='ocrx_word' id='word_1_200' title='bbox 1825 3697 1941 3783; x_wconf 79' lang='lat' dir='ltr'>affert</span> 
     </span>
     <span class='ocr_line' id='line_1_24' title="bbox 605 3831 1941 3952; baseline 0.001 -28"><span class='ocrx_word' id='word_1_201' title='bbox 605 3839 737 3924; x_wconf 86' lang='lat' dir='ltr'>noster</span> <span class='ocrx_word' id='word_1_202' title='bbox 765 3833 1040 3952; x_wconf 84' lang='lat' dir='ltr'>Apollonius,</span> <span class='ocrx_word' id='word_1_203' title='bbox 1069 3862 1233 3947; x_wconf 79' lang='lat' dir='ltr'>queque</span> <span class='ocrx_word' id='word_1_204' title='bbox 1262 3831 1480 3950; x_wconf 54' lang='lat' dir='ltr'>desumpta*</span> <span class='ocrx_word' id='word_1_205' title='bbox 1499 3858 1600 3949; x_wconf 92' lang='lat' dir='ltr'>puto</span> <span class='ocrx_word' id='word_1_206' title='bbox 1634 3863 1686 3919; x_wconf 88' lang='lat' dir='ltr'>ex</span> <span class='ocrx_word' id='word_1_207' title='bbox 1724 3833 1811 3944; x_wconf 85' lang='lat' dir='ltr'>ejus</span> <span class='ocrx_word' id='word_1_208' title='bbox 1833 3831 1941 3925; x_wconf 90' lang='lat' dir='ltr'>libro</span> 
     </span>
    </p>

    <p class='ocr_par' dir='ltr' id='par_1_5' title="bbox 430 3961 1988 5062">
     <span class='ocr_line' id='line_1_25' title="bbox 602 3961 1988 4091; baseline -0.009 -30"><span class='ocrx_word' id='word_1_209' title='bbox 602 3981 704 4091; x_wconf 91' lang='lat' dir='ltr'>qui,</span> <span class='ocrx_word' id='word_1_210' title='bbox 728 3977 826 4061; x_wconf 86' lang='lat' dir='ltr'>teste</span> <span class='ocrx_word' id='word_1_211' title='bbox 860 3975 1040 4088; x_wconf 87' lang='lat' dir='ltr'>Diogen.</span> <span class='ocrx_word' id='word_1_212' title='bbox 1074 3961 1276 4075; x_wconf 80' lang='lat' dir='ltr'>Laertio,</span> <span class='ocrx_word' id='word_1_213' title='bbox 1318 3969 1606 4059; x_wconf 85' lang='lat' dir='ltr'>inscribebatur</span> <span class='ocrx_word' id='word_1_214' title='bbox 1639 3991 1693 4066; x_wconf 68' lang='lat' dir='ltr'>ot&gt;</span> <span class='ocrx_word' id='word_1_215' title='bbox 1725 3995 1845 4065; x_wconf 62' lang='lat' dir='ltr'>nunes</span> <span class='ocrx_word' id='word_1_216' title='bbox 1870 3979 1943 4068; x_wconf 82' lang='lat' dir='ltr'>ubi</span> <span class='ocrx_word' id='word_1_217' title='bbox 1982 4039 1988 4049; x_wconf 78' lang='grc'>.</span> 
     </span>
     <span class='ocr_line' id='line_1_26' title="bbox 430 4107 1944 4234; baseline 0.005 -39"><span class='ocrx_word' id='word_1_218' title='bbox 430 4175 439 4184; x_wconf 76' lang='lat'>-</span> <span class='ocrx_word' id='word_1_219' title='bbox 602 4115 749 4200; x_wconf 88' lang='lat' dir='ltr'>incerti</span> <span class='ocrx_word' id='word_1_220' title='bbox 776 4111 866 4197; x_wconf 91' lang='lat' dir='ltr'>sunt</span> <span class='ocrx_word' id='word_1_221' title='bbox 889 4112 1056 4226; x_wconf 82' lang='lat' dir='ltr'>Menag·.</span> <span class='ocrx_word' id='word_1_222' title='bbox 1085 4139 1130 4194; x_wconf 85' lang='lat' dir='ltr'>ac</span> <span class='ocrx_word' id='word_1_223' title='bbox 1152 4107 1311 4194; x_wconf 83' lang='lat' dir='ltr'>Fabric.</span> <span class='ocrx_word' id='word_1_224' title='bbox 1346 4109 1396 4194; x_wconf 89' lang='lat' dir='ltr'>de</span> <span class='ocrx_word' id='word_1_225' title='bbox 1422 4114 1658 4201; x_wconf 89' lang='lat' dir='ltr'>Homerone</span> <span class='ocrx_word' id='word_1_226' title='bbox 1676 4143 1843 4231; x_wconf 86' lang='lat' dir='ltr'>agatur,</span> <span class='ocrx_word' id='word_1_227' title='bbox 1872 4121 1944 4234; x_wconf 86' lang='lat' dir='ltr'>qui</span> 
     </span>
     <span class='ocr_line' id='line_1_27' title="bbox 606 4237 1945 4366; baseline 0.01 -37"><span class='ocrx_word' id='word_1_228' title='bbox 606 4271 668 4330; x_wconf 58' lang='lat' dir='ltr'>ue·</span> <span class='ocrx_word' id='word_1_229' title='bbox 690 4255 786 4348; x_wconf 58' lang='lat' dir='ltr'>demi·</span> <span class='ocrx_word' id='word_1_230' title='bbox 811 4249 942 4333; x_wconf 86' lang='lat' dir='ltr'>Poeta</span> <span class='ocrx_word' id='word_1_231' title='bbox 973 4248 1076 4366; x_wconf 88' lang='lat' dir='ltr'>apud</span> <span class='ocrx_word' id='word_1_232' title='bbox 1103 4248 1271 4334; x_wconf 85' lang='lat' dir='ltr'>Graecos</span> <span class='ocrx_word' id='word_1_233' title='bbox 1297 4237 1552 4365; x_wconf 80' lang='lat' dir='ltr'>appellatur,</span> <span class='ocrx_word' id='word_1_234' title='bbox 1574 4279 1620 4337; x_wconf 92' lang='lat' dir='ltr'>ut</span> <span class='ocrx_word' id='word_1_235' title='bbox 1646 4251 1752 4364; x_wconf 85' lang='lat' dir='ltr'>apud</span> <span class='ocrx_word' id='word_1_236' title='bbox 1775 4255 1945 4343; x_wconf 88' lang='lat' dir='ltr'>Latinos</span> 
     </span>
     <span class='ocr_line' id='line_1_28' title="bbox 606 4365 1949 4502; baseline 0.005 -28"><span class='ocrx_word' id='word_1_237' title='bbox 606 4388 837 4501; x_wconf 85' lang='lat' dir='ltr'>Virgilius,</span> <span class='ocrx_word' id='word_1_238' title='bbox 866 4365 916 4473; x_wconf 78' lang='lat' dir='ltr'>un</span> <span class='ocrx_word' id='word_1_239' title='bbox 944 4391 1106 4502; x_wconf 86' lang='lat' dir='ltr'>potius,</span> <span class='ocrx_word' id='word_1_240' title='bbox 1130 4389 1176 4469; x_wconf 78' lang='lat' dir='ltr'>de</span> <span class='ocrx_word' id='word_1_241' title='bbox 1199 4383 1331 4498; x_wconf 84' lang='lat' dir='ltr'>officio</span> <span class='ocrx_word' id='word_1_242' title='bbox 1356 4387 1490 4472; x_wconf 78' lang='lat' dir='ltr'>Poerae</span> <span class='ocrx_word' id='word_1_243' title='bbox 1498 4419 1520 4491; x_wconf 88' lang='lat'>,·</span> <span class='ocrx_word' id='word_1_244' title='bbox 1546 4389 1658 4502; x_wconf 90' lang='lat' dir='ltr'>qu&#39;od</span> <span class='ocrx_word' id='word_1_245' title='bbox 1679 4390 1844 4478; x_wconf 89' lang='lat' dir='ltr'>suadent</span> <span class='ocrx_word' id='word_1_246' title='bbox 1865 4394 1949 4483; x_wconf 79' lang='lat' dir='ltr'>haec</span> 
     </span>
     <span class='ocr_line' id='line_1_29' title="bbox 606 4521 1950 4635; baseline 0.007 -27"><span class='ocrx_word' id='word_1_247' title='bbox 606 4521 832 4609; x_wconf 86' lang='lat' dir='ltr'>Clementis</span> <span class='ocrx_word' id='word_1_248' title='bbox 864 4524 1128 4612; x_wconf 85' lang='lat' dir='ltr'>Alexandrini</span> <span class='ocrx_word' id='word_1_249' title='bbox 1153 4526 1195 4607; x_wconf 90' lang='lat' dir='ltr'>in</span> <span class='ocrx_word' id='word_1_250' title='bbox 1217 4553 1357 4635; x_wconf 64' lang='lat' dir='ltr'>‘&#39;ttt&#39;·</span> <span class='ocrx_word' id='word_1_251' title='bbox 1387 4524 1536 4613; x_wconf 84' lang='lat' dir='ltr'>verba:</span> <span class='ocrx_word' id='word_1_252' title='bbox 1556 4547 1748 4626; x_wconf 57' lang='lat' dir='ltr'>elmete</span> <span class='ocrx_word' id='word_1_253' title='bbox 1763 4551 1793 4615; x_wconf 70' lang='lat' dir='ltr'>u</span> <span class='ocrx_word' id='word_1_254' title='bbox 1808 4555 1950 4626; x_wconf 62' lang='lat' dir='ltr'>eruat</span> 
     </span>
     <span class='ocr_line' id='line_1_30' title="bbox 609 4665 1951 4787; baseline -0.001 -45"><span class='ocrx_word' id='word_1_255' title='bbox 609 4679 739 4762; x_wconf 66' lang='grc' dir='ltr'>φιλοσῦφι</span> <span class='ocrx_word' id='word_1_256' title='bbox 758 4675 942 4741; x_wconf 61' lang='lat' dir='ltr'>noterium*</span> <span class='ocrx_word' id='word_1_257' title='bbox 964 4677 1013 4742; x_wconf 73' lang='grc' dir='ltr'>ὖδι</span> <span class='ocrx_word' id='word_1_258' title='bbox 1028 4685 1081 4743; x_wconf 65' lang='lat' dir='ltr'>nit</span> <span class='ocrx_word' id='word_1_259' title='bbox 1098 4701 1124 4738; x_wconf 77' lang='lat' dir='ltr'>tr</span> <span class='ocrx_word' id='word_1_260' title='bbox 1139 4678 1215 4755; x_wconf 59' lang='lat' dir='ltr'>lma.</span> <span class='ocrx_word' id='word_1_261' title='bbox 1235 4680 1339 4761; x_wconf 67' lang='lat' dir='ltr'>wion</span> <span class='ocrx_word' id='word_1_262' title='bbox 1361 4665 1581 4781; x_wconf 69' lang='lat' dir='ltr'>scripserat</span> <span class='ocrx_word' id='word_1_263' title='bbox 1616 4699 1782 4787; x_wconf 77' lang='lat' dir='ltr'>quoque</span> <span class='ocrx_word' id='word_1_264' title='bbox 1823 4683 1865 4786; x_wconf 53' lang='grc' dir='ltr'><strong>ἃ</strong></span> <span class='ocrx_word' id='word_1_265' title='bbox 1901 4672 1951 4758; x_wconf 71' lang='lat' dir='ltr'>li..</span> 
     </span>
     <span class='ocr_line' id='line_1_31' title="bbox 606 4798 1952 4906; baseline 0.003 -14"><span class='ocrx_word' id='word_1_266' title='bbox 606 4798 725 4892; x_wconf 67' lang='lat' dir='ltr'>breim</span> <span class='ocrx_word' id='word_1_267' title='bbox 758 4819 830 4906; x_wconf 61' lang='grc' dir='ltr'>κῑὲς</span> <span class='ocrx_word' id='word_1_268' title='bbox 852 4817 1024 4902; x_wconf 61' lang='lat' dir='ltr'>&#39;adr-me</span> <span class='ocrx_word' id='word_1_269' title='bbox 1072 4800 1127 4888; x_wconf 89' lang='lat' dir='ltr'>Et</span> <span class='ocrx_word' id='word_1_270' title='bbox 1164 4806 1206 4886; x_wconf 90' lang='lat' dir='ltr'>in</span> <span class='ocrx_word' id='word_1_271' title='bbox 1246 4799 1443 4888; x_wconf 87' lang='lat' dir='ltr'>alterutro</span> <span class='ocrx_word' id='word_1_272' title='bbox 1480 4835 1533 4889; x_wconf 85' lang='lat' dir='ltr'>ex</span> <span class='ocrx_word' id='word_1_273' title='bbox 1574 4809 1732 4896; x_wconf 84' lang='lat' dir='ltr'>duobus</span> <span class='ocrx_word' id='word_1_274' title='bbox 1777 4809 1856 4893; x_wconf 80' lang='lat' dir='ltr'>iliis</span> <span class='ocrx_word' id='word_1_275' title='bbox 1898 4808 1952 4896; x_wconf 86' lang='lat' dir='ltr'>li·</span> 
     </span>
     <span class='ocr_line' id='line_1_32' title="bbox 436 4936 1953 5062; baseline 0.002 -28"><span class='ocrx_word' id='word_1_276' title='bbox 436 4965 446 4986; x_wconf 87' lang='lat'>&#39;</span> <span class='ocrx_word' id='word_1_277' title='bbox 489 5031 492 5038; x_wconf 89' lang='grc'><em>,</em></span> <span class='ocrx_word' id='word_1_278' title='bbox 609 4941 692 5034; x_wconf 82' lang='lat' dir='ltr'>bru</span> <span class='ocrx_word' id='word_1_279' title='bbox 718 5000 734 5056; x_wconf 92' lang='lat'>,</span> <span class='ocrx_word' id='word_1_280' title='bbox 765 4942 831 5031; x_wconf 90' lang='lat' dir='ltr'>vel</span> <span class='ocrx_word' id='word_1_281' title='bbox 860 4945 902 5030; x_wconf 91' lang='lat' dir='ltr'>in</span> <span class='ocrx_word' id='word_1_282' title='bbox 929 4969 1133 5057; x_wconf 89' lang='lat' dir='ltr'>utroque,</span> <span class='ocrx_word' id='word_1_283' title='bbox 1169 4936 1347 5054; x_wconf 74' lang='lat' dir='ltr'>quedam</span> <span class='ocrx_word' id='word_1_284' title='bbox 1372 4941 1543 5025; x_wconf 88' lang='lat' dir='ltr'>Homeri</span> <span class='ocrx_word' id='word_1_285' title='bbox 1574 4938 1669 5062; x_wconf 83' lang='lat' dir='ltr'>loca</span> <span class='ocrx_word' id='word_1_286' title='bbox 1700 4945 1953 5062; x_wconf 86' lang='lat' dir='ltr'>interpretari</span> 
     </span>
    </p>
   </div>
   <div class='ocr_carea' id='block_1_5' title="bbox 0 0 2262 6016">
    <p class='ocr_par' dir='ltr' id='par_1_6' title="bbox 0 0 2262 6016">
     <span class='ocr_line' id='line_1_33' title="bbox 0 0 2262 6016; baseline 0 0"><span class='ocrx_word' id='word_1_287' title='bbox 0 0 2262 6016; x_wconf 95' lang='lat' dir='ltr'> </span> 
     </span>
    </p>
   </div>
  </div>
 </body>
</html>
