4516 6016
576 619 606 677 x
874 584 1626 678 PROLEGOMENA.

579 756 665 840 hoc
690 753 767 858 est,
793 751 1022 871 explicante
1048 751 1237 869 Fabricio
1260 752 1314 842 L.
1337 785 1378 840 2.
1407 783 1445 840 c.
1473 775 1510 864 5.
1529 747 1785 838 uittam.
1800 737 1924 854 ipsius

582 892 919 991 Commentarios,
931 889 1266 1000 &expafitionen
1279 887 1633 1000 aliorumscriptis
1650 888 1696 970 in
1710 887 1925 970 Homerum

576 1031 775 1140 prelatos
783 1024 921 1146 fuiffe.
949 1028 1076 1144 Quod
1091 1033 1434 1116 certe-maximum
1451 1031 1528 1128 cst;
1543 1058 1637 1115 cum
1656 1051 1721 1112 tot
1748 1027 1931 1134 tantique

584 1167 663 1250 viri
684 1223 700 1270 ,
732 1167 980 1272 Aristarchi,
1001 1166 1203 1279 Didymi,
1233 1165 1441 1253 Zenodoti
1460 1174 1541 1254 dte.
1564 1175 1646 1253 dcc.
1674 1167 1717 1249 in
1738 1162 1927 1248 Homero

583 1303 705 1388 unice
721 1303 990 1421 explicando,
1012 1329 1102 1390 ante
1117 1307 1321 1423 Apionem
1331 1365 1347 1412 ,
1371 1303 1672 1391 desudavillent.
1702 1303 1773 1386 Sin
1793 1309 1949 1396 autem

464 1479 470 1482 ·
580 1468 732 1530 tantam
752 1443 915 1562 adeptus
942 1447 996 1530 est
1017 1445 1163 1530 famam
1177 1446 1343 1564 Apion,
1367 1475 1488 1561 quem
1512 1446 1621 1563 prius
1643 1447 1684 1528 in
1698 1440 1928 1526 Homerico

578 1583 742 1670 Lexico
774 1586 897 1669 citare
931 1587 1065 1700 potuit
1088 1583 1336 1702 Apollonius
1365 1645 1382 1692 ,
1418 1616 1539 1700 quam
1564 1613 1658 1669 eum
1681 1584 1751 1694 qui
1776 1582 1818 1663 in
1837 1572 1930 1660 Ho-

582 1727 684 1807 meri
706 1752 854 1809 nomen
884 1723 1093 1841 adoptatus
1116 1722 1219 1810 alter
1242 1723 1453 1810 Homerus
1476 1721 1727 1827 vocabatur,
1757 1718 1927 1832 quique,

580 1861 677 1944 teste
700 1859 856 1966 Plinio,
873 1860 1002 1979 palam
1025 1857 1258 1978 predicabat
1279 1863 1322 1946 se
1344 1862 1526 1947 evocaffe
1550 1857 1741 1964 umbrae,
1767 1857 1816 1941 ad
1839 1882 1929 1972 per·

537 2069 543 2082 .
580 1997 823 2082 contendum
851 1999 1089 2083 Homerum
1110 1999 1279 2113 quinam
1299 1999 1426 2115 patrii
1439 2060 1453 2104 ,
1478 1997 1673 2111 quibusve
1701 1993 1929 2116 parentibus

577 2140 741 2250 genitus
763 2137 859 2221 ellet
871 2197 890 2243 ,
919 2165 1161 2223 nontamen
1193 2137 1310 2223 ausus
1338 2139 1471 2224 fuerat
1497 2140 1678 2255 profiteri
1714 2134 1812 2249 qnid
1836 2161 1931 2218 eum

575 2271 647 2359 fibi
669 2275 912 2392 respondille
943 2275 1111 2363 diceret.
1140 2275 1364 2383 Praeterea,
1381 2274 1553 2362 alterum
1565 2273 1699 2392 Belgii
1713 2334 1727 2378 ,
1743 2304 1792 2360 ac
1805 2275 1932 2357 totius

577 2409 692 2496 orbis
702 2411 889 2519 litterati,
906 2412 1047 2522 decus,
1065 2411 1180 2501 Clar..
1192 2413 1500 2522 Valckenarius,
1515 2416 1557 2499 in
1573 2411 1873 2530 Differentiam
1883 2413 1932 2494 de.

418 2577 422 2588 ·
561 2547 746 2666 scholiis
772 2557 829 2632 ad
849 2553 1065 2639 Homerum
1087 2555 1285 2661 ineditis,
1315 2586 1360 2672 p.
1392 2555 1487 2668 148.
1513 2557 1609 2642 ltine
1629 2551 1839 2670 petendam
1868 2579 1935 2634 ra·-

434 2684 438 2690 ’
576 2687 731 2773 tionem
752 2685 875 2774 docet
891 2719 965 2774 cur
991 2691 1126 2808 Apion
1142 2696 1345 2809 precipue
1361 2697 1482 2777 toties
1503 2691 1729 2776 advocetur
1745 2720 1771 2774 a·
1787 2691 1934 2773 Gram-

574 2827 759 2929 maticis,
777 2829 846 2936 qui
877 2831 952 2928 (ut
976 2827 1211 2941 Apolloni.)
1236 2828 1428 2914 diffioneo
1458 2829 1701 2915 Homericus
1716 2833 1761 2911 in
1774 2826 1935 2910 Lexica

576 2964 857 3077 congefferunt
869 3021 882 3066 ,
908 2963 1020 3074 quod
1034 2965 1172 3080 Apion
1194 2971 1236 3049 δι
1257 2961 1524 3069 Herodorus,
1547 2967 1660 3068 live,
1687 2989 1732 3048 ut
1746 2966 1830 3070 ait,
1844 2963 1930 3048 He·

573 3100 786 3207 liodorus,
807 3102 891 3186 suis
901 3103 1199 3188 commentariis
1215 3105 1411 3219 precipue
1424 3101 1575 3185 fuerint
1587 3104 1628 3186 in
1639 3101 1802 3216 singulis
1811 3163 1825 3208 ,
1840 3133 1931 3216 quar

574 3239 623 3328 ab
644 3241 716 3328 usu
739 3240 862 3325 ell'ent
883 3266 1070 3345 remotae,
1097 3237 1336 3325 dictionibus
1362 3238 1599 3324 Homericis,
1625 3241 1933 3358 interpretandis

532 3457 535 3462 .
575 3381 791 3496 occupati,
813 3387 855 3466 dt
870 3377 1188 3481 itt-adnotandis,
1212 3405 1240 3462 e
1261 3376 1423 3463 diversis
1442 3379 1813 3466 Grammaticorum
1827 3382 1926 3468 Edi·
1992 3379 1993 3384 ‘

575 3517 779 3624 tionibus,
805 3519 926 3602 variis
952 3546 1103 3604 vocum
1132 3515 1383 3606 leelionibuu.
1405 3515 1523 3602 Unde
1550 3517 1661 3604 idem·
1678 3514 1931 3608 felicillrr'nus

575 3658 810 3743 Graecarum
823 3657 1045 3742 litterarum
1060 3659 1197 3763 stator,
1214 3655 1491 3743 differtmionis
1504 3689 1544 3774 p.
1566 3685 1664 3764 149.
1679 3658 1787 3746 addit
1799 3659 1926 3745 Lexi-

576 3823 715 3880 corum
740 3794 1064 3884 Homericornm
1087 3825 1270 3912 magnam
1288 3799 1367 3883 stne
1388 3795 1512 3882 dubio
1528 3825 1681 3916 partem
1694 3801 1927 3918 exnpionis
2010 3881 2013 3886 .
2089 3880 2103 3899 ,

574 3933 617 4016 in
636 3932 870 4018 Homerum
896 3935 1209 4018 Commentariis
1230 3934 1344 4019 luille
1364 3931 1600 4023 derivatam.

633 4069 758 4156 Certe
783 4070 1090 4158 stelatillrmum
1114 4070 1222 4158 illud
1246 4069 1692 4180 lumemdnnimmus
1722 4075 1923 4162 Ruhnke-

574 4209 664 4294 nius
675 4267 692 4316 ,
712 4209 828 4320 cujus
857 4209 985 4295 adoro
1012 4211 1175 4325 vestigia
1188 4270 1205 4315 ,
1228 4208 1439 4328 Apollonii
1465 4211 1652 4299 Lexicon
1677 4237 1812 4298 totum
1833 4243 1926 4330 per·

573 4342 743 4432 volvere
756 4347 966 4463 potuisset,
991 4376 1193 4460 nunquam
1208 4347 1440 4462 quasivillet
1452 4350 1661 4462 quomodo
1677 4351 1926 4468 Apollonius

570 4483 766 4599 Apionis,
783 4485 811 4566 st
828 4487 1060 4595 recentior,
1079 4489 1207 4572 immo
1236 4487 1324 4600 ejus
1350 4505 1508 4588 erroro
1534 4517 1582 4575 ac
1602 4489 1820 4608 discipulus
1843 4495 1921 4603 fit,

571 4621 737 4738 perinde
758 4651 804 4707 ac
818 4625 1166 4709 vetustiffimorum
1181 4627 1546 4715 Grammaticorum
1565 4687 1581 4736 ,
1605 4633 1838 4720 audoritate
1859 4634 1923 4718 uti

572 4761 719 4880 pollit3
751 4792 848 4850 cum
880 4759 989 4847 idem·
1022 4759 1269 4882 Apollonius
1296 4766 1494 4879 aqualem
1525 4769 1644 4855 suum
1677 4771 1921 4885 Dionyfiutn
