4516 6016
577 591 664 702 xvj'
907 585 1685 692 PROLEGOMENa.'

576 785 671 852 eum
700 777 823 846 vocat
846 758 1028 849 nobilem
1052 765 1372 854 Grammaticum
1393 773 1462 884 qui
1473 830 1487 874 ,
1510 771 1637 858 fretus
1660 768 1884 888 Chrysippo
1904 828 1936 877 ,A

556 893 741 1016 ¹homine
762 899 1025 1008 acutissimo,
1060 931 1189 1017 aquo
1222 904 1351 989 relicti
1378 906 1536 993 fuerant
1569 909 1641 992 sex
1670 907 1761 994 libri
1799 925 1850 1001 orl
1882 927 1927 992 τῖε

575 1049 746 1129 boma,
779 1039 842 1122 his
871 1035 984 1124 libris
1012 1067 1152 1126 contra
1181 1041 1406 1158 analogiam
1431 1065 1552 1157 atque
1575 1044 1849 1131 Aristarchum
1869 1049 1929 1158 est

573 1173 828 1260 trinuaUnde
843 1179 894 1261 src
903 1177 1251 1291 loquituchllios
1262 1183 1360 1269 L.2.
1371 1213 1410 1268 c.
1421 1218 1445 1268 2
1451 1210 1527 1294 5²³³
1543 1183 1622 1269 duo
1632 1213 1761 1268 autem
1778 1186 1922 1270 Gram-

573 1348 599 1395 n
613 1317 748 1400 marici
762 1317 897 1401 Graeci
912 1315 1111 1424 illustres,
1133 1319 1383 1407 Aristarchus
1395 1330 1436 1410 bc
1448 1319 1592 1408 Crates
1609 1385 1623 1429 ,
1646 1321 1800 1408 summi
1819 1349 1923 1438 ope,

458 1505 460 1512 ›
573 1488 599 1532 r>
612 1451 684 1539 ille
710 1471 874 1548 amaru,
891 1458 961 1542 iric
974 1473 1124 1551 tropea·
1138 1453 1399 1546 defensitavit.
1410 1460 1535 1545 Hunc
1549 1461 1768 1577 suspicatur
1778 1461 1924 1564 Meur-

573 1592 650 1676 fius
676 1592 866 1679 eumdem
888 1597 965 1680 else
988 1627 1110 1710 quem
1133 1602 1237 1682 inter
1264 1601 1324 1686 rei
1347 1601 1494 1686 rustica
1531 1600 1744 1717 scriptores
1768 1624 1925 1718 ponunt

570 1731 709 1826 Narro
728 1741 769 1821 bt
787 1734 1036 1822 Columella.
1065 1821 1072 1834 ,

630 1873 831 1959 Ceterum
845 1934 860 1978 ,
877 1875 988 1988 quod
1004 1875 1224 1962 notandum
1248 1879 1330 1984 est,
1355 1876 1459 1963 nulli
1482 1905 1661 1992 unquam¹
1679 1875 1769 1992 plus
1783 1871 1923 1959 debuit

481 2037 484 2042 ’
572 2010 739 2117 Roma,
762 2043 880 2124 quam
900 2014 963 2096 illi
980 2017 1285 2121 Grammatico,
1301 2021 1371 2129 qui
1391 2047 1478 2102 eam
1498 2015 1839 2132 primustritices
1855 2012 1921 2098 lu·

570 2154 680 2236 mine
705 2149 967 2246 collustravit.
985 2152 1123 2252 Nam,
1146 2179 1192 2238 ut
1210 2157 1264 2238 air
1280 2157 1501 2239 Suetonius
1526 2157 1567 2238 in
1590 2150 1697 2237 libro
1718 2149 1768 2236 de
1783 2151 1920 2236 Claric

571 2289 869 2374 Grammaticis
884 2351 898 2394 ‚
917 2291 1068 2408 primus
1084 2347 1098 2394 ‚
1123 2315 1316 2401 quantum
1332 2291 1544 2402 opinamur
1559 2349 1574 2397 ,
1589 2288 1759 2375 studium
1775 2292 1920 2376 Gram-

568 2431 722 2515 maticae
745 2431 788 2512 in
815 2429 956 2514 urbem
982 2428 1119 2514 intulit
1135 2429 1279 2516 Crates
1300 2427 1499 2516 Mallotes
1517 2490 1532 2538 ,
1553 2432 1771 2520 Aristarchi
1788 2461 1918 2544 aequa-

569 2569 621 2654 lis
639 2599 651 2668 ;
668 2571 737 2681 qui
757 2551 892 2655 missua
915 2569 963 2656 ad
982 2571 1170 2656 Senatum
1189 2566 1240 2656 ab
1261 2567 1404 2655 Attalo
1425 2598 1547 2686 rege,
1572 2572 1676 2655 inter
1697 2568 1919 2658 secundum

569 2741 617 2796 ac
632 2712 794 2830 tertium
807 2705 960 2794 bellum
973 2705 1174 2796 Punicum
1189 2768 1204 2813 ,
1220 2707 1292 2796 sub
1310 2711 1435 2822 ipsam
1454 2709 1575 2794 Ennii
1597 2733 1801 2830 mortem,
1823 2736 1918 2793 cum

567 2851 609 2932 in
625 2850 792 2961 regione
813 2843 984 2947 Palatii,
1022 2844 1231 2959 prolapsus
1251 2847 1293 2929 in
1312 2843 1461 2968 cloaca
1480 2847 1692 2951 foramen,
1719 2873 1811 2931 crus
1835 2846 1917 2929 fre-

567 2983 706 3098 gislet,
724 3011 796 3099 per
810 3009 930 3067 omne
944 2980 1157 3094 legationis
1174 2977 1289 3062 simul
1310 2989 1352 3064 δι
1368 2977 1607 3064 valetudinis
1621 3007 1777 3095 tempus
1792 2979 1918 3096 pluri·

450 3146 453 3166 ·
566 3153 652 3212 rnas
672 3137 801 3220 unum
819 3118 985 3207 subinde
999 3119 1114 3224 lecit,
1125 3115 1550 3230 afflducquedilleruit‚
1569 3145 1615 3202 ac
1626 3119 1764 3203 nostris
1778 3107 1917 3204 exe'm·

565 3263 637 3382 plo
649 3265 731 3349 'fuit
749 3263 797 3347 ad
814 3260 1066 3345 imitandum.
1105 3256 1248 3342 Strabo
1270 3255 1371 3342 dicit
1386 3287 1479 3342 eum
1495 3282 1781 3372 praceptorem
1803 3256 1915 3344 credi

567 3402 745 3499 Panaetii,
754 3425 801 3483 ac
817 3398 869 3482 L.
881 3428 920 3502 3.
934 3428 977 3512 p.
993 3391 1473 3505 157.testaturCra,tetem
1487 3391 1536 3476 ad
1550 3393 1801 3480 scientiarum
1817 3424 1914 3512 prae·

569 3536 861 3655 ceptaPoetam
877 3530 1072 3647 exegisse,
1094 3539 1138 3616 br
1160 3531 1202 3616 in
1213 3529 1296 3616 hoc
1319 3557 1461 3614 omnes
1479 3530 1630 3644 ingenii
1653 3557 1799 3653 nervos
1814 3561 1915 3622 con·

566 3675 732 3764 tendillc
746 3702 791 3760 ut
806 3673 978 3760 Homer.
999 3672 1254 3757 scientiarum
1266 3670 1443 3786 peritum
1462 3668 1698 3758 ostenderet.
1711 3671 1812 3782 Quo
1827 3703 1914 3790 per·

564 3819 697 3908 tinent
728 3824 770 3902 bc
800 3843 885 3928 quae
917 3841 969 3904 ex
996 3811 1162 3902 Cratete
1190 3809 1233 3902 in
1262 3823 1405 3912 :amv-
1436 3839 1487 3934 p.-
1520 3835 1614 3915 ¹42·
1644 3811 1760 3897 affert
1781 3807 1913 3928 Apol·
1989 3909 1992 3920 .

473 3985 475 3992 '
566 3959 716 4048 ionius.

518 4121 521 4128 ·
612 4099 690 4184 ‚Dc
706 4093 823 4204 liujus
843 4120 973 4181 autem
985 4092 1070 4180 vitia
1084 4102 1125 4182 bt
1139 4092 1296 4212 scriptis
1317 4093 1410 4181 vide
1424 4093 1583 4182 Fabric.
1597 4093 1639 4224 in
1656 4093 1769 4181 Bibl.
1781 4093 1911 4179 Grac.

568 4235 682 4328 Jons.
700 4240 747 4319 de
765 4239 913 4345 script.
933 4229 1038 4342 Htst.
1057 4229 1169 4319 Phil.
1183 4233 1370 4319 Vollrum
1385 4237 1432 4318 de
1443 4232 1631 4340 Hssoric.
1652 4234 1781 4318 Graec.
1798 4231 1851 4320 L.
1871 4262 1913 4339 3.

568 4373 791 4459 Meurlium
810 4378 851 4458 in
868 4373 980 4461 Bibl.
996 4373 1175 4477 Attica,
1198 4373 1268 4484 qui
1281 4428 1295 4477 ,
1307 4396 1518 4458 annotante
1534 4369 1645 4459 Clar.
1665 4369 1841 4456 Kullero
1863 4369 1913 4456 ad

567 4511 759 4621 Suidam,
788 4540 880 4594 cum
896 4512 982 4620 ejus
997 4509 1124 4596 libros
1148 4508 1404 4615 recenseret,
1430 4511 1562 4595 omisrt
1584 4539 1684 4628 opus
1717 4526 1770 4611 nu
1785 4523 1911 4611 natm,

567 4653 692 4782 quod⁸
708 4648 891 4737 laudatur
924 4649 1129 4734 Eustathio
1163 4649 1213 4735 ad
1245 4649 1475 4765 Odyffeam.
1528 4649 1595 4736 Ab
1630 4655 1710 4737 hoc
1748 4647 1912 4738 Cratcte

564 4789 771 4892 Mallote,
794 4785 913 4898 cujus
947 4787 1130 4872 meminit
1162 4783 1363 4876 Meursrus
1403 4792 1446 4876 in
1479 4789 1594 4876 Bibl.
1611 4794 1750 4875 Amic.
1787 4787 1910 4874 alium

1557 5007 1560 5014 ,
1592 4925 1905 5043 jPergamenum
