4516 6016
402 615 405 631 ’
504 667 1358 767 ·rnorroonrnn
1560 667 1650 774 ,m

292 873 386 960 pro
404 831 565 966 egregii
588 853 658 941 sus
675 853 897 944 eruditione
907 863 1140 976 ,cognitus‚
1154 866 1196 947 in
1211 865 1335 952 Notis
1358 859 1406 948 ad
1420 856 1652 960 Aristidem·

308 984 429 1074 Orat.
461 1007 539 1072 aava
556 1016 604 1072 aa,
618 1013 736 1094 town.
771 1027 814 1112 p.
850 1027 939 1111 155·
976 999 1235 1087 dooiffinum
1261 1001 1379 1088 illum
1408 997 1650 1086 Grammati-

308 1151 404 1210 cum
430 1157 689 1222 annotaverat
710 1136 885 1222 Homeri
906 1151 942 1215 τὲ
959 1153 1036 1228 ἔπιε
1056 1151 1181 1239 offla·
1199 1142 1262 1248 (in
1283 1140 1424 1254 quibus
1449 1138 1648 1250 praecipua

290 1264 488 1352 'versatur
510 1270 752 1380 difficultas)
779 1275 1010 1362 Gloilemasr
1032 1279 1111 1366 suis
1138 1282 1240 1391 saepe
1259 1267 1429 1363 numero
1446 1273 1646 1356 infarcire.

307 1398 374 1484 Ex
404 1403 544 1516 quibus
566 1408 677 1496 diois
701 1413 821 1498 facile
846 1413 986 1530 colligi
1001 1422 1154 1533 potest,
1177 1447 1271 1502 cunr
1291 1414 1464 1533 plurima
1482 1413 1534 1492 in·
1550 1405 1648 1490 Hes.

304 1540 432 1656 immo
446 1551 488 1630 dt
501 1575 683 1660 magnam
699 1569 849 1665 partem'
870 1551 1034 1663 hujusce
1049 1555 1219 1662 Lexici,
1245 1583 1331 1667 quae
1349 1579 1402 1636 ert
1414 1547 1649 1632 Homericis

210 1759 215 1770 ,
303 1675 541 1768 didionibus
556 1691 728 1793 constat,
745 1689 864 1800 facile
881 1691 1197 1798 emendaturum,
1212 1685 1504 1806 quiApollonii
1516 1685 1649 1768 lacem

304 1817 546 1928 praeferentis
572 1855 650 1938 ope
681 1827 809 1912 amici
840 1830 934 1912 usus
960 1830 1094 1913 fuerit.
1124 1828 1252 1936 Quod
1277 1815 1430 1928 &iam
1459 1820 1580 1906 video
1607 1821 1649 1903 in

290 1945 444 2064 'multis
456 1959 747 2076 praclariffimo
766 1961 829 2046 lo.
846 1961 1019 2067 Alberti,
1040 1963 1220 2075 quemvis
1235 1955 1430 2046 festinanti
1447 1965 1488 2042 &
1505 1955 1555 2039 ad
1572 1953 1649 2041 alia

284 2089 565 2181 ¹transvolanti
581 2157 595 2202 ‚
611 2095 786 2184 feliciter
813 2103 979 2188 ceffille.
1008 2100 1192 2186 Multum
1221 2123 1353 2185 tamen
1387 2095 1493 2183 abest
1529 2122 1575 2180 ut
1602 2123 1656 2186 ert

302 2227 386 2312 hoc
411 2235 547 2317 nostro
571 2233 757 2342 Lexico‚
784 2237 1015 2350 quodcum
1041 2237 1304 2350 Hesychiano
1333 2258 1467 2321 totum
1501 2259 1647 2320 contu·

302 2363 386 2451 lille
414 2369 457 2452 se
482 2373 727 2486 profitetur,
752 2405 917 2461 omnem
952 2380 1178 2494 perceperit
1203 2375 1451 2488 utilitatem,
1479 2403 1565 2485 que
1596 2371 1646 2458 ad

302 2501 403 2592 Hes.
426 2507 645 2594 redrmdare
664 2537 823 2626 poterat
844 2543 896 2599 cx
915 2513 992 2600 illo
1006 2517 1178 2631 perenni
1202 2524 1243 2601 ὅ(
1269 2513 1500 2596 inexhausto
1516 2508 1643 2594 fonte.¹
1783 2627 1788 2636 ι

297 2638 466 2748 Contra,
481 2671 564 2729 ute
584 2651 725 2732 nostris
741 2648 1000 2764 inApollon.
1017 2641 1444 2748 animadversionibus,
1459 2645 1529 2728 ubi
1545 2675 1646 2756 quac·

298 2775 391 2862 dam
417 2778 481 2864 illi
507 2785 650 2868 inradia
677 2771 810 2914 obiter
833 2787 1107 2903 corrigimus,
1138 2781 1258 2870 facile
1279 2779 1446 2872 cuilibet
1468 2773 1642 2898 patebit,

297 2915 407 3002 tanti
433 2922 716 3039 negotiorum,
730 2929 773 3005 ὁ(
799 2923 1079 3031 Lexicorum,
1099 2952 1183 3036 quae
1204 2917 1384 3006 contulit
1403 2978 1418 3022 ,
1447 2923 1643 3042 'varietate

295 3053 524 3156 districtus,
548 3056 676 3144 multa
708 3063 977 3170 praetcrmisrt‚
995 3092 1079 3173 quae
1105 3087 1157 3145 ert
1187 3055 1418 3170 Apollonio
1446 3058 1494 3143 ad
1532 3061 1643 3141 resti-

295 3191 513 3297 tuendam,
533 3219 599 3277 aut
628 3197 970 3300 confirmandam,
998 3223 1067 3278 aut
1093 3201 1211 3279 ctiam
1238 3192 1513 3308 explicandam
1539 3193 1641 3284 Hes.

143 3340 146 3349 '
295 3325 511 3416 lefilionem
526 3328 671 3415 adduci
692 3331 917 3447 potuillent.
936 3329 1073 3440 Hujus
1091 3330 1255 3445 quidem
1267 3332 1325 3415 rei
1343 3328 1425 3446 ipse
1440 3329 1509 3414 srbi
1523 3333 1642 3416 cons·

295 3473 382 3558 cius
397 3496 496 3574 crat,
517 3501 611 3554 cum
622 3530 637 3576 ,
649 3471 746 3554 teste
760 3469 869 3558 Clar.
885 3473 1131 3558 Ruhnkenio
1140 3532 1156 3580 ,
1173 3474 1258 3589 post
1270 3468 1370 3556 Hcs.
1390 3500 1411 3556 a
1428 3473 1471 3554 se
1485 3469 1639 3587 publici

293 3606 397 3718 juris
417 3611 577 3714 fadum,
594 3634 726 3693 totum
745 3611 827 3694 hoc
842 3609 1029 3696 Lexicon
1053 3598 1452 3696 animadvcrfionibus
1467 3608 1637 3694 illustra-

293 3775 379 3833 tum
397 3749 513 3858 cdere
528 3751 734 3866 paraverit.
749 3748 876 3860 Quod
890 3775 999 3834 certe
1013 3779 1096 3835 non
1111 3749 1427 3855 destinasset,s1'se
1440 3752 1573 3832 omnia
1585 3747 1634 3833 ad

292 3881 621 4003 Helsnecelsaria
647 3913 697 3972 ex
714 3883 938 4001 Apollonio
959 3886 1202 4002 precepisse,
1224 3895 1266 3974 δι
1290 3885 1392 3972 Hes.
1420 3886 1494 3972 suo
1522 3889 1635 3976 intur

290 4023 374 4107 lisse
397 4021 631 4106 credidisset.
646 4021 781 4136 Atque
808 4023 959 4107 utinam
980 4021 1205 4109 adcuratius
1228 4020 1441 4140 Apollonii
1465 4047 1632 4132 apogra-

279 4161 437 4278 phum,
464 4190 541 4246 nec
566 4185 631 4245 tot
648 4162 754 4245 vitiis
770 4159 944 4262 scatens,
959 4160 1009 4246 ad
1036 4193 1197 4283 manum
1216 4159 1409 4246 habuillet
1430 4159 1492 4245 vir
1514 4157 1630 4274 praes-

285 4300 544 4397 tantiffimus3
565 4301 636 4413 qui
660 4299 715 4404 fi,
740 4299 843 4384 hanc
858 4296 1000 4384 edendi
1017 4298 1231 4416 Apollonii
1245 4324 1409 4414 operam
1423 4317 1630 4410 praeoccu-

284 4437 443 4554 pando,
467 4436 583 4523 nobis
604 4437 681 4524 hic
706 4439 747 4520 in
768 4463 880 4546 parte
899 4439 1028 4522 otium
1052 4437 1200 4522 fecisset
1214 4495 1237 4536 ,
1259 4433 1390 4513 multo
1416 4431 1630 4521 meliorem

269 4576 376 4660 ”sane
391 4581 458 4675 ,bt
479 4571 701 4656 doctisonis
721 4577 941 4658 instructam
957 4572 1085 4674 notis,
1111 4565 1346 4654 haberemus
1370 4569 1626 4681 Editionem,

269 4709 364 4834 ”qui
382 4737 463 4822 ego
488 4705 599 4792 latus
618 4737 712 4793 cum
741 4709 828 4792 toti
843 4687 1069 4824 Republica
1082 4706 1293 4794 Litterarii
1305 4691 1460 4796 fruerer
1473 4741 1519 4799 ac
1534 4727 1627 4828 gau·

279 4849 435 4958 alerem.
458 4845 538 4933 Sed
559 4845 650 4948 Diis
675 4843 790 4932 alit'cr
813 4845 969 4958 visum,
985 4846 1191 4962 quicum,
1206 4850 1288 4934 hac
1303 4910 1319 4957 ‚
1336 4860 1376 4937 bt
1399 4835 1475 4940 alia
1492 4851 1624 4936 utilis-

1422 5020 1436 5069 l
