4516 6016
629 521 1380 614 enonucomuurr
1578 487 1668 605 mx

521 868 924 988 'securo
999 881 1502 1005 saturum,v

621 1084 690 1168 De
708 1087 1082 1196 annotationibus,
1099 1087 1143 1175 Cr
1161 1061 1388 1182 Indicibur.

393 1307 521 1420 Quod
538 1307 587 1396 ad
608 1338 721 1399 notas
743 1317 909 1424 attinet,
931 1319 1066 1421 iniis,
1090 1327 1281 1429 quantum
1306 1312 1395 1399 fieri
1417 1312 1571 1434 potuit,
1588 1307 1679 1396 bre-

338 1442 453 1526 vitati
476 1447 802 1568 &perspicuitati
824 1453 1068 1561 studuimus,
1087 1480 1205 1567 atque
1228 1457 1270 1539 in
1295 1453 1378 1536 hoc
1401 1478 1542 1536 omnes
1566 1450 1682 1564 inge·⁴
1769 1507 1773 1514 -

338 1579 395 1662 nii
416 1609 563 1671 nervos
583 1588 854 1691 intendimus,
875 1616 921 1676 ut
941 1590 1036 1680 loca
1062 1593 1272 1710 depravata
1301 1618 1349 1675 ac
1366 1611 1581 1704 corrupta,
1599 1612 1684 1696 quae

341 1711 513 1829 plurima
535 1723 653 1833 sunt,
683 1757 735 1813 ex
768 1729 855 1816 aliis
886 1731 1207 1850 Lexicographis
1221 1792 1237 1837 ‚
1276 1753 1345 1815 aut
1382 1726 1483 1811 alios
1518 1723 1686 1808 vicissim

340 1851 677 1974 Lexicographos
701 1889 752 1944 cx
772 1871 908 1948 nostro
930 1918 945 1966 ,
981 1871 1191 1947 occasronc
1213 1865 1336 1966 dati,
1362 1861 1684 1961 restitueremus,

343 1991 482 2076 omissa
502 1994 758 2112 expleremus
766 2060 781 2104 ,
798 1999 968 2085 confusa
985 1998 1277 2116 separaremus,
1290 2024 1359 2086 aut
1370 1994 1477 2081 male
1497 1993 1688 2104 disjuncta

345 2128 684 2251 conjungeremus
697 2197 713 2244 ,
729 2139 925 2237 Homeri,
938 2163 1060 2254 atque
1075 2137 1247 2224 aliorum
1260 2137 1502 2242 Poetarum,
1515 2132 1689 2254 allegata

346 2266 702 2386 distingueremus,
735 2279 907 2364 rariores
934 2277 1240 2392 fignificationes
1282 2273 1477 2393 exemplis
1505 2277 1690 2392 apposrtis

349 2411 714 2520 confirmaremus,
747 2426 790 2504 ἃ
824 2415 920 2503 loca
945 2416 1144 2524 Homeri,
1170 2448 1255 2533 quae
1289 2416 1464 2534 respexit
1491 2410 1690 2530 Apollon.

344 2575 541 2664 perpetuo
570 2552 849 2642 indicaremus.
951 2663 958 2672 Ι

404 2687 471 2770 Ac
495 2692 627 2804 primo
656 2691 818 2802 quidem
845 2696 888 2778 irr
914 2690 1163 2780 emendando
1193 2685 1459 2806 Apollonio,
1495 2711 1616 2796 quum
1646 2681 1695 2767 ad
1744 2704 1884 2816 npouop.

326 2817 333 2828 ’
348 2817 452 2907 alios
466 2820 559 2906 Mn.
574 2825 771 2925 Codices,
795 2815 865 2937 qui
879 2828 983 2912 nulli
1001 2829 1168 2940 usquam
1184 2827 1378 2929 existunt,
1391 2851 1600 2908 recurrere
1614 2850 1696 2906 non
1712 2784 1884 2944 {giiii}

349 2954 518 3066 liceret,
542 2969 584 3046 dt
609 2961 676 3047 hic
699 2963 842 3048 unicus
855 2964 977 3049 hodie
994 2963 1234 3081 superesset,
1254 2961 1419 3049 alterius
1432 2959 1598 3046 Codicis
1611 2957 1694 3044 ΜΓ.
1714 2969 1774 3088 fga
1786 2947 1885 3084 ξῐξζζ

351 3100 485 3185 uicem
509 3103 608 3186 mihi
630 3104 804 3209 praestare
824 3103 933 3211 posse
953 3103 1107 3184 credidi
1131 3104 1331 3210 Hesychii
1350 3103 1537 3181 Lexicon
1546 3158 1562 3204 ,
1583 3098 1697 3209 quod
1712 3108 1825 3166 nuru.

351 3235 489 3351 paffim
504 3262 555 3318 eo
572 3232 802 3350 diligentius
818 3231 1001 3341 contuli,
1016 3233 1131 3352 quod
1155 3234 1379 3348 Hesychius
1400 3233 1506 3349 ipse,
1519 3237 1560 3317 in
1580 3233 1699 3352 Epis-¹

353 3370 442 3459 told
467 3370 516 3457 ad
542 3368 768 3487 Eulogium
799 3370 1111 3492 nuncupatorii,
1128 3370 1342 3490 Apollonii
1368 3372 1511 3458 scrinia
1541 3375 1699 3493 compi-

354 3505 493 3608 lavisse⁸
514 3507 557 3593 sc
582 3509 845 3624 profiteatur,
875 3517 916 3597 dt
942 3540 1126 3625 magnam
1156 3503 1325 3620 hujusce
1357 3514 1477 3596 nostri
1511 3511 1701 3600 Glossarii

356 3669 512 3757 partem
543 3643 592 3732 ad
614 3643 783 3734 verbum
808 3645 1088 3767 descripserit,
1112 3677 1158 3734 ac
1179 3650 1273 3735 uice
1291 3649 1408 3736 versi
1428 3653 1645 3738 innum'eris
1660 3655 1702 3739 in

357 3763 566 3901 locis'ipse
578 3843 594 3891 ,
620 3784 687 3871 vel
714 3787 799 3901 post
819 3785 906 3874 Jos.
928 3785 1501 3902 Scaligeri,8almas1i,Dan.
1523 3772 1702 3904 Heinsri,

358 3905 486 4006 isaaci
509 3921 669 4028 Vossri,
694 3909 913 4030 Palmerii,
934 3923 1095 4010 Kustcri
1114 3933 1196 4014 &c
1209 3953 1256 4013 ac
1274 3927 1480 4016 noviffime
1498 3928 1611 4012 Clar.
1625 3921 1704 4008 Al·

360 4057 466 4147 berti
484 4057 717 4149 dofflffimas
732 4043 877 4171 curas,
895 4065 1045 4150 restitui
1059 4065 1176 4183 possit
1195 4045 1346 4154 cx'hoc
1372 4065 1458 4186 ipso
1487 4057 1707 4179 Apollonii,

361 4403 467 4498 fordare
487 4410 552 4484 (sic
570 4413 650 4495 prior
663 4415 785 4493 glosas,
802 4434 836 4480 ac
852 4414 1003 4498 presertim
1063 4379 1163 4480 sarion
1174 4417 1323 4480 Philoxeni
1343 4429 1401 4469 non
1419 4401 1704 4486 estmagisselsoronr

360 4505 577 4588 Hesychiarras,
589 4523 760 4594 vocaverat)
770 4535 820 4577 eoa
832 4537 929 4576 omnes
940 4523 1004 4576 lorr-
1063 4511 1191 4572 manibus
1203 4508 1368 4590 terendum,
1381 4509 1427 4576 sed
1442 4525 1552 4576 tantum
1573 4513 1704 4578 doffiori·

362 4623 400 4686 3e
411 4609 564 4688 arcentq‘ui
576 4613 639 4674 sunt
650 4618 768 4676 omnino
786 4613 924 4681 mdesrur
940 4633 1004 4674 rec·
1063 4611 1116 4676 bur
1131 4609 1213 4680 nodie
1232 4613 1335 4698 diuque
1352 4615 1527 4683 versandum.

365 4723 404 4776 tt.
417 4711 585 4792 judicaverit
596 4711 736 4796 Jostphus
747 4715 904 4792 Scaligerus
917 4711 1005 4779 Gros-

1351 4826 1356 4834 '
1498 4855 1527 4940 e
