4516 6016
642 611 1396 724 PROLEGOMENm
1544 592 1554 613 ’
1633 606 1696 720 Q

357 773 504 859 tarium
533 769 872 861 Emendationum
904 775 1064 862 suarum
1095 777 1137 861 in
1164 777 1272 862 Hes:
1295 774 1486 861 reuorem
1507 767 1701 888 ablegatj

341 909 518 996 duobus
538 937 691 1014 tantum
711 910 779 998 hic
806 937 1017 997 contentus
1035 909 1259 1027 exemplis,
1280 915 1322 998 in
1335 909 1478 1023 quibus
1487 911 1700 994 Gramma·

340 1051 538 1134 -ricorum
571 1051 732 1134 nomina
763 1048 854 1132 sunt
888 1046 934 1134 ab
965 1047 1244 1162 Epitomatore
1275 1046 1441 1134 sublata.
1485 1047 1541 1131 Et
1568 1046 1700 1130 minus

361 1181 438 1268 haic
454 1182 504 1268 de
523 1213 598 1288 re,
624 1184 782 1280 scilicet
807 1185 962 1270 exfeda
984 1185 1097 1269 fuiffe
1128 1177 1492 1270 Grammaticorum
1515 1185 1699 1288 nomina,

364 1348 460 1405 eum
509 1320 782 1406 dubitaturum
820 1322 899 1406 effe
939 1313 1131 1433 subjicit,
1162 1325 1232 1434 qui
1268 1319 1481 1438 Apollonii
1515 1321 1704 1428 Lexicou

362 1455 631 1542 Homericum
648 1487 741 1544 cum
758 1460 966 1571 Hesychio
984 1449 1215 1546 contulerit.
1244 1459 1380 1566 Nam,
1400 1461 1559 1572 inquit,
1577 1457 1705 1576 Apol·

363 1591 501 1680 ionius
525 1594 632 1680 idem
652 1655 668 1702 ‚
689 1596 799 1709 quod
827 1597 1089 1713 Hesychius,
1114 1603 1335 1690 institutum
1365 1599 1556 1704 secutus,
1579 1595 1705 1684 modo
1762 1709 1767 1719 .

365 1759 655 1818 commemorat
679 1735 927 1846 Aristarchi,
946 1738 1072 1826 modo
1093 1743 1295 1858 Apionis,
1316 1740 1440 1826 modo
1464 1721 1706 1840 Heliodori',

365 1872 492 1955 modo
511 1871 988 1980 aliorumexpiicariones
1002 1935 1017 1978 ‚
1036 1883 1075 1956 sr·
1092 1879 1188 1985 quid
1208 1881 1397 1989 praecipui
1412 1872 1607 1974 habeant,
1629 1884 1708 1960 &a

366 2009 573 2094 communi
600 2009 792 2118 opinione
816 2007 1017 2098 recedant.
1054 2011 1155 2120 Quae
1182 2011 1550 2126 interpretationes,
1573 2009 1707 2116 addit,

366 2175 493 2264 prope
516 2174 655 2233 omnes
682 2147 803 2230 etiam
825 2147 866 2230 in
893 2145 995 2250 Hes,
1018 2151 1297 2262 reperiuntur,
1319 2146 1389 2232 scd
1411 2149 1705 2245 Grammatico·
1820 2125 1826 2132 ⁷

251 2333 262 2347 ·
366 2312 453 2367 rum
473 2283 697 2370 nominibus
714 2283 885 2388 omiffis‚
903 2311 983 2368 non
1002 2285 1182 2400 profedo
1205 2284 1306 2372 Hes.
1331 2283 1480 2402 culpi,
1507 2289 1574 2372 cui
1587 2281 1705 2394 aliam

220 2499 227 2506 .
367 2423 563 2505 rationem
585 2421 772 2539 piacuiffe
795 2449 846 2506 ex
869 2423 1098 2538 praefatione
1118 2421 1277 2535 liquet,
1303 2421 1370 2508 sed
1388 2423 1476 2532 ejus
1495 2429 1706 2535 qurzmax'n

366 2587 477 2667 mum
503 2561 861 2676 ampliffimumque
881 2561 1069 2648 Lexicon
1083 2563 1124 2645 in
1147 2562 1376 2673 compendii
1396 2563 1585 2668 angustias
1613 2575 1707 2646 cod-

366 2701 441 2813 gir.
469 2687 562 2782 Post
585 2703 665 2780 haec
689 2697 811 2783 verba
835 2698 944 2782 idem
968 2683 1079 2780 Clar.
1109 2698 1173 2780 vir
1195 2696 1278 2778 duo
1310 2695 1563 2806 Hesychiana
1591 2700 1707 2784 affert
1768 2725 1772 2732 ’

366 2835 461 2922 loca
474 2820 541 2940 ,in
557 2831 719 2948 quibus,
738 2831 875 2916 relidi
888 2831 937 2916 ab
948 2831 1226 2945 Epirumator'e
1245 2833 1571 2946 interpretatione
1584 2893 1600 2940 ‚
1615 2865 1707 2920 auc·

364 2977 504 3058 toritas
519 2970 662 3058 Critici
676 2967 826 3054 sublata
849 2969 904 3051 est
914 3027 930 3074 ‚
947 2976 989 3054 dt
1006 2995 1059 3052 ert
1077 2968 1167 3052 solo
1184 2967 1382 3084 Apollon.
1403 2973 1549 3056 restitui
1564 2977 1704 3086 potest.

365 3112 431 3196 Ac
453 3113 652 3226 postremo
669 3105 883 3194 concludit
894 3110 976 3209 ‚stc
998 3106 1086 3192 aliie
1103 3106 1207 3190 locis
1222 3135 1306 3189 non
1319 3108 1450 3191 modo
1461 3112 1707 3220 Aristarchi,

368 3246 436 3333 sed
458 3242 778 3353 etirmApionis
797 3249 841 3326 δι
856 3238 1104 3354 ΗεΙὶοάοςὶ,
1129 3241 1289 3328 nomina
1304 3242 1430 3352 ejedia
1448 3245 1552 3350 effe,
1574 3276 1706 3344 rema-¹
1878 3251 1880 3258 ’

368 3408 488 3470 nente
513 3378 680 3470 illorum
707 3374 1002 3492 explicatione,
1027 3405 1092 3478 ert·
1107 3376 1249 3462 eodem
1268 3379 1495 3496 Apollonio
1525 3383 1707 3480 demoni,

367 3522 462 3615 trari
485 3519 607 3634 posse.
638 3514 731 3598 Nos
751 3514 875 3628 igitur
900 3512 968 3598 hic
992 3511 1203 3599 dofflffimi
1220 3515 1455 3604 Ruhnkenii
1477 3522 1708 3640 exemplum

367 3658 587 3768 secudu&
619 3649 759 3737 eidem
783 3650 1046 3766 procedentes
1069 3651 1135 3738 viri
1162 3656 1204 3736 in
1231 3656 1314 3738 hoc
1343 3660 1477 3740 nostro
1505 3659 1706 3774 Apollon,
1763 3729 1767 3736 .

369 3828 461 3883 cum
473 3792 735 3911 Hesychianis
751 3788 901 3878 Gloffrs
917 3790 1193 3894 conferendo,
1208 3795 1461 3906 perficiemus
1474 3798 1585 3908 quod
1594 3800 1706 3912 Ciar.

369 3935 551 4018 Criticus
575 3929 794 4031 indicauit,
820 3935 862 4032 dr
891 3929 933 4008 in
954 3954 1037 4038 quo
1062 3929 1213 4043 preivit
1240 3929 1466 4042 exemplo,
1488 3961 1603 4044 atque
1621 3959 1708 4018 uuo

369 4067 583 4183 conspedtu
596 4065 667 4151 sub
683 4043 1052 4150 ocutosLeuorum
1068 4093 1280 4179 ponemus,
1298 4093 1394 4180 quot
1410 4077 1709 4184 &quantorum

370 4206 735 4292 Grammaticorum
746 4200 905 4288 nomina
918 4199 965 4286 ab
978 4201 1173 4316 Hesychii
1187 4205 1430 4320 exscriptore
1442 4201 1573 4292 deleta
1588 4230 1708 4320 atque

359 4345 535 4448 nmilia,
558 4373 634 4461 ope
667 4345 787 4431 nostri
818 4339 1027 4458 Apollonii
1054 4345 1161 4458 quast
1183 4373 1206 4426 e
1225 4341 1325 4458 fugi
1351 4343 1533 4446 retrahi,
1551 4341 1707 4459 suisque

370 4483 531 4570 attribui
551 4482 709 4568 sedibus
732 4482 903 4594 poffint:
933 4476 1165 4586 fingulaque
1193 4479 1261 4554 hic
1283 4469 1508 4562 notabimus
1539 4489 1580 4566 dr
1610 4484 1708 4572 dest.

371 4613 577 4735 gnaifflus
601 4613 700 4700 Hes.
731 4612 825 4696 loca
836 4671 852 4714 ,
871 4612 913 4692 in
938 4606 1083 4718 quibus
1106 4607 1260 4696 exsecta
1287 4613 1430 4709 horum
1457 4613 1706 4716 Criticorum

370 4751 582 4842 auctoritas
612 4748 796 4836 revocari
821 4741 970 4878 pulsu,¹
999 4751 1249 4836 &accurate
1277 4749 1448 4842 indicata
1471 4752 1708 4848 definiemus
